1779 2828
643 92 770 126 LIBER
796 91 890 126 Vllll.
928 91 1023 127 CAP.
1045 93 1104 125 43.
1523 87 1603 126 101

143 111 170 133 a.
191 104 260 134 Chr.
282 111 310 132 n.
331 105 393 132 306.

142 211 345 263 saltusque
368 209 526 263 pervios
549 214 750 261 ceperant,
784 221 834 248 ne
857 220 934 259 qua
957 208 1121 248 subvehi
1143 213 1391 246 commeatus
1419 213 1605 259 possent;

144 281 274 321 neque
297 279 502 315 eos,-cum
524 266 668 306 cotidie
699 266 812 318 signa
844 266 884 305 in
908 265 1032 304 aciem
1058 264 1200 304 consul
1226 264 1438 316 proferret,
1462 264 1606 304 elicere

142 327 190 366 ad
221 331 422 366 certamen
447 329 613 378 poterat,
645 323 819 375 satisque
842 322 1060 375 apparebat
1081 334 1214 373 neque
1237 321 1455 361 Samnitem
1478 327 1607 361 certa-

141 396 233 424 men
257 395 446 436 praesens
468 394 543 422 nec
565 381 791 421 Romanum
814 380 1044 420 dilationem
1067 379 1159 419 belli
1182 379 1370 418 laturum.
1413 379 1606 419 adventus

142 442 276 490 Marci,
309 441 376 493 qui
409 439 593 479 Hernicis
625 438 800 478 subactis
831 438 1041 478 maturavit
1073 437 1248 488 collegae
1279 437 1415 476 venire
1448 436 1606 483 auxilio,

141 511 293 539 moram
325 497 556 538 certaminis
588 497 692 537 hosti
715 496 872 536 exemit.
926 508 1017 535 nam
1049 502 1092 535 ut
1124 495 1192 547 qui
1225 506 1276 534 ne
1304 494 1416 534 alteri
1449 494 1608 546 quidem

141 556 333 597 exercitui
356 568 398 595 se
420 555 467 594 ad
485 560 686 594 certamen
704 553 967 594 credidissent
983 566 1111 606 pares,
1135 552 1328 603 coniungi
1351 552 1488 603 utique
1503 551 1608 604 passi

141 615 241 654 duos
263 613 495 654 consulares
517 612 715 652 exercitus
748 612 846 651 nihil
878 611 1090 651 crederent
1120 622 1331 663 superesse
1363 610 1460 662 spei,
1492 609 1607 649 adve-

142 672 320 712 nientem
342 670 599 723 inconposito
622 670 780 722 agmine
799 669 990 709 Marcium
1014 668 1316 721 adgrediuntur.
1349 668 1493 720 raptim
1510 680 1608 707 con-

139 730 240 770 latae
269 729 448 770 sarcinae
469 728 509 768 in
533 728 719 776 medium,
752 734 804 775 et,
835 733 956 780 prout
978 734 1135 779 tempus
1155 725 1392 779 patiebatur,
1414 725 1610 765 instructa

140 787 258 828 acies.
290 787 440 828 clamor
463 786 635 838 primum
659 786 697 824 in
723 785 860 825 stativa
883 785 1072 837 perlatus,
1095 784 1186 824 dein
1205 789 1447 836 conspectus
1465 782 1606 835 procul

140 845 268 898 pulvis
298 844 515 884 tumultum
548 844 650 896 apud
684 843 852 883 alterum
875 843 1080 882 consulem
1116 842 1154 881 in
1188 841 1329 881 castris
1350 841 1464 890 secit;
1496 841 1609 892 isque

141 902 353 942 confestim
371 913 478 942 arma
497 913 640 953 capere
662 901 780 940 iussis
798 901 1021 953 raptimque
1041 900 1193 939 eductis
1216 900 1254 939 in
1274 899 1398 938 aciem
1418 898 1609 937 militibus

140 967 408 1000 transversam
440 958 614 998 hostium
646 959 769 998 aciem
794 965 911 1009 atque
944 958 1018 997 alio
1051 957 1268 997 certamine
1291 963 1523 1008 occupatam
1547 956 1610 995 iu-

139 1018 246 1058 vadit
277 1017 483 1058 clamitans
515 1029 716 1056 summum
748 1016 938 1067 flagitium
972 1016 1078 1061 fore,
1121 1015 1153 1055 si
1186 1015 1354 1054 alterum
1388 1014 1608 1054 exercituin

141 1076 352 1127 utriusque
383 1074 572 1114 victoriae
605 1080 820 1126 conpotem
853 1073 1033 1113 sinerent
1065 1073 1150 1111 fieri
1184 1084 1258 1112 nec
1281 1072 1328 1111 ad
1360 1085 1401 1111 se
1424 1071 1484 1111 sui
1517 1070 1610 1110 belli

143 1133 391 1173 vindicarent
423 1133 558 1172 decus.
611 1144 686 1184 qua
719 1132 911 1184 impetum
944 1130 1118 1177 dederat,
1150 1129 1374 1182 perrumpit
1405 1129 1610 1180 aciemque

141 1203 215 1244 per
238 1191 406 1230 mediam
440 1190 480 1229 in
504 1196 631 1229 castra
654 1189 827 1229 hostium
851 1188 978 1228 tendit
1001 1194 1038 1227 et
1061 1200 1180 1227 vacua
1204 1187 1482 1227 defensoribus
1505 1186 1610 1238 capit

141 1254 260 1301 atque
281 1248 474 1288 incendit.
518 1259 619 1298 quae
643 1247 708 1286 ubi
731 1247 936 1298 flagrantia
960 1246 1183 1285 Marcianus
1206 1245 1318 1285 miles
1341 1244 1551 1296 conspexit
1572 1249 1611 1283 et

141 1306 276 1346 hostes
306 1317 532 1358 respexere,
564 1311 649 1344 tum
681 1305 825 1357 passim
860 1304 950 1356 suga
973 1309 1115 1355 coepta
1139 1303 1377 1342 Samnitium
1405 1302 1510 1355 fieri3
1543 1302 1611 1342 sed

143 1364 275 1404 omnia
298 1363 454 1403 obtinet
477 1363 632 1409 caedes,
655 1375 728 1402 nec
751 1363 791 1401 in
816 1362 934 1402 ullam
958 1367 1111 1413 partem
1135 1367 1263 1400 tutum
1287 1360 1515 1412 perfugium
1539 1365 1610 1399 est.

143 1421 219 1461 iam
242 1421 405 1474 triginta
426 1420 586 1460 milibus
605 1421 779 1460 hostium
804 1420 928 1460 caesis
950 1420 1107 1472 signum
1132 1419 1312 1470 receptui
1335 1418 1520 1458 consules
1543 1417 1611 1456 de-

146 1480 288 1519 derant
309 1478 631 1530 colligebantque
663 1478 702 1517 in
736 1491 862 1517 unum
886 1477 1022 1529 copias
1045 1477 1083 1515 in
1109 1476 1234 1515 vicem
1257 1477 1364 1515 inter
1385 1488 1427 1514 se
1451 1480 1612 1527 gratan-

966 1557 1016 1589 13.
1043 1556 1299 1595 transversam]
1326 1564 1353 1589 s.
1368 1556 1422 1595 40,
1441 1554 1492 1588 12.

965 1603 1016 1635 14.
1034 1612 1070 1633 se
1086 1603 1155 1641 sui]
1181 1599 1521 1642 zusainmengestellt
1547 1599 1614 1632 wie

194 1559 225 1594 8.
235 1560 392 1601 pervios]
408 1568 433 1591 s.
446 1559 478 1598 7,
494 1558 590 1597 34,1.
602 1576 643 1581 —
654 1568 698 1589 ne
713 1568 782 1599 qna
798 1582 805 1590 .
822 1559 842 1597 .]

146 1604 199 1637 ihr
217 1603 314 1646 Plan,
331 1603 396 1637 den
416 1603 547 1637 Konsul
569 1604 844 1645 auszuhungern,

147 1650 310 1684 scheitert
341 1660 383 1682 an
421 1649 480 1682 der
514 1648 689 1682 schnellen
724 1648 844 1681 Unter-

148 1695 306 1738 werl'ung
335 1695 395 1728 der
421 1693 596 1728 Herniker.
624 1714 666 1718 —
691 1697 796 1736 ssgna
813 1719 843 1728 ..

142 1740 346 1786 proferret]
371 1751 398 1775 S.
415 1742 469 1782 32,
486 1742 516 1774 5.

197 1790 249 1822 11.
274 1789 415 1830 utqui]
441 1786 727 1829 s.§19;45‚10;
755 1789 842 1822 zul,

147 1836 204 1876 49,
224 1835 265 1873 3;
292 1849 336 1861 =
362 1833 403 1866 da
430 1833 489 1866 sie.
525 1852 567 1856 ——-
599 1832 648 1864 ad
668 1857 675 1865 .
696 1857 703 1864 .
722 1834 843 1873 pares]

148 1890 175 1914 s.
192 1890 232 1913 zu
250 1881 305 1922 12,
320 1881 350 1914 8.
370 1899 411 1902 -
431 1878 687 1911 credidissent.
704 1905 711 1911 .
727 1878 845 1910 erede-

147 1928 241 1967 rent]
268 1936 294 1960 s.
317 1924 427 1959 Praef.
453 1927 490 1963 7;
517 1924 572 1958 die
601 1923 723 1957 beiden
750 1923 846 1957 Satz-

147 1972 278 2016 glieder
296 1971 371 2005 sind
391 1970 616 2016 asyndetisch
644 1970 754 2004 neben
776 1970 846 2003 ein-

148 2017 276 2052 nander
310 2017 469 2061 gestellt,
500 2016 571 2050 und
592 2019 712 2059 passi,
745 2033 790 2045 =
814 2018 846 2048 si

144 2066 246 2108 passi
270 2066 393 2105 essent,
418 2063 464 2097 ist
482 2063 544 2096 aus
557 2062 618 2096 das
636 2062 785 2105 Subjekt
810 2062 844 2095 in

148 2110 336 2144 crederent
352 2110 519 2152 bezogen.
561 2109 653 2142 Statt
667 2111 769 2152 passi
794 2119 845 2141 er-

149 2159 294 2194 wartete
308 2166 385 2191 man
398 2158 526 2198 passis,
537 2165 577 2188 zu
590 2166 774 2198 superesse
788 2164 846 2197 ge-

149 2202 265 2244 horig3
284 2201 379 2235 diese
392 2200 671 2244 Ungenauigkeit
685 2201 745 2234 des
761 2202 846 2234 Aus-

149 2247 297 2282 druckes
322 2247 431 2281 findet
447 2247 521 2280 sich
542 2247 589 2280 im
607 2246 845 2280 Lateinischen

149 2294 254 2334 often
270 2303 297 2329 S.
309 2295 341 2336 2,
353 2295 482 2335 45,15;
503 2293 598 2327 Caes.
612 2292 679 2326 BG.
695 2295 726 2333 5,
741 2295 796 2334 39,
810 2294 846 2331 43

150 2339 264 2380 Quint.
283 2342 335 2381 10,
351 2341 382 2381 3,
398 2341 456 2379 29;
476 2339 545 2382 vgl.
563 2338 729 2382 Sall.1ug.
746 2340 800 2379 76,
816 2340 846 2372 6.

198 2387 250 2420 12.
276 2387 500 2426 conlatae..]
535 2385 585 2418 sie
612 2385 765 2418 bildeten
792 2385 845 2418 ein

151 2430 291 2470 Quarre.
317 2451 359 2456 —
385 2433 530 2473 stativa]
552 2431 654 2476 naml.
677 2431 847 2473 Cornelii,

151 2487 226 2511 was
250 2480 320 2511 erst
344 2478 391 2510 im
422 2478 570 2511 zweiten
596 2477 715 2510 Gliede
743 2486 846 2518 auge-

151 2522 270 2557 deutet
294 2523 356 2565 ist,
389 2533 445 2556 wo
470 2525 510 2556 in
538 2525 668 2556 castris
692 2522 757 2555 den
784 2521 847 2555 Be-

151 2567 233 2613 griff
254 2578 322 2602 von
347 2571 478 2601 stativa
506 2568 722 2602 wiederholt.

917 1648 1047 1688 26,19;
1066 1650 1190 1679 nostra
1204 1657 1287 1685 nos;
1306 1648 1364 1678 sni
1376 1660 1421 1672 =
1435 1645 1494 1678 des
1509 1645 1614 1678 ihnen

915 1693 1197 1736 angewiesenen;
1238 1692 1306 1736 vgl.
1329 1694 1383 1734 -12,
1408 1694 1440 1726 1:
1473 1691 1614 1724 alienae

914 1741 1026 1772 sortis
1049 1763 1056 1772 .
1072 1764 1079 1771 .
1101 1738 1193 1771 belli.
1221 1758 1263 1762 —
1287 1739 1336 1771 ad
1350 1749 1387 1770 se
1406 1763 1434 1771 ..
1456 1737 1615 1770 m‘ndica-

914 1787 1010 1827 rent]
1025 1795 1051 1819 s.
1067 1795 1107 1817 zu
1123 1786 1154 1824 3,
1167 1786 1221 1824 20,
1239 1786 1267 1818 1.
1282 1803 1325 1808 —
1342 1784 1460 1824 decus]
1477 1793 1503 1817 s,
1516 1785 1571 1824 38,
1582 1784 1614 1816 6.

967 1834 1019 1866 15.
1034 1841 1104 1873 qua
1116 1856 1123 1863 .
1136 1833 1157 1871 .]
1169 1830 1237 1873 vgl.
1249 1833 1279 1871 ἵ,
1291 1831 1412 1871 33,10.
1428 1850 1468 1854 -
1485 1831 1616 1862 aciem-

917 1888 983 1920 que
1006 1888 1073 1920 μοι·
1091 1877 1258 1917 mediam]
1286 1887 1344 1910 zur
1361 1875 1616 1918 Wortstellung

918 1924 985 1967 vgl.
1002 1924 1058 1965 37,
1077 1925 1136 1958 11:
1164 1926 1330 1966 metuque
1355 1924 1394 1954 in
1418 1932 1563 1964 magno,

966 1972 1018 2004 16.
1055 1971 1245 2011 οοηεμε.ι’ίί
1264 1996 1270 2002 .
1293 1994 1301 2002 .
1323 1970 1523 2011 respexere]
1556 1966 1616 1999 ab·

917 2015 1075 2049 sichtlich
1095 2014 1446 2057 zusammengestellt.
1470 2033 1507 2038 —
1527 2015 1614 2054 tum]

916 2062 962 2095 im
988 2062 1145 2104 Ansange
1173 2061 1232 2095 des
1258 2060 1486 2099 Nachsatzes;
1513 2070 1539 2092 s.
1559 2061 1616 2099 44,

920 2110 977 2147 11;
1004 2119 1044 2141 zu
1069 2109 1099 2148 2,
1116 2109 1146 2149 8,
1163 2109 1192 2141 3.
1219 2127 1263 2131 —
1289 2110 1365 2139 tum
1385 2132 1393 2140 .
1415 2132 1422 2141 .
1443 2104 1537 2148 fuga
1562 2132 1567 2138 .
1594 2106 1615 2146 .]

917 2165 995 2187 man
1022 2153 1125 2187 sollte
1152 2153 1312 2197 glauben,
1339 2153 1393 2186 die
1416 2152 1537 2185 Flucht
1564 2151 1614 2184 sei

918 2201 998 2234 eber
1032 2199 1137 2233 durch
1173 2199 1233 2233 das
1264 2197 1528 2232 Durchbrechen
1556 2196 1616 2229 der

918 2246 1013 2279 Linie
1039 2246 1074 2289 (ξ
1094 2248 1147 2287 15)
1174 2245 1362 2278 veranlasst
1390 2243 1540 2276 worden.

926 2329 938 2334 „
968 2294 1020 2327 17.
1049 2294 1203 2333 triginta
1221 2292 1379 2330 milibus]
1406 2289 1481 2322 eine
1500 2286 1615 2320 starke

920 2337 1189 2379 Ubertreibung;
1223 2336 1292 2378 vgl.
1314 2337 1369 2375 44,
1392 2337 1421 2367 7.
1447 2353 1492 2358 --
1518 2333 1617 2366 colli-

916 2385 1138 2425 gebantque.
1152 2385 1174 2423 .]
1190 2382 1239 2415 sie
1251 2391 1367 2414 waren
1382 2380 1489 2413 schon
1505 2379 1616 2421 dabei,

918 2430 991 2462 ihre
1011 2427 1173 2471 Truppen
1200 2438 1241 2460 zu
1265 2426 1444 2461 sammeln.
1463 2445 1506 2449 ——
1528 2435 1617 2468 gra-

919 2475 1069 2515 tantes*]
1096 2484 1121 2507 S.
1146 2476 1178 2515 7,
1202 2474 1252 2513 13,
1279 2475 1330 2507 10.
1358 2492 1401 2496 —
1427 2475 1466 2504 in
1491 2473 1615 2512 vicem]

919 2520 1154 2563 gegenseitig;
1179 2519 1321 2562 steigert
1339 2518 1450 2552 neben
1468 2519 1566 2551 inter·
1581 2528 1618 2550 se

919 2566 982 2599 den
999 2565 1180 2599 Ausdruck
1196 2565 1249 2598 sur
1262 2565 1324 2599 das
1337 2563 1516 2608 reciproke
1533 2562 1618 2597 Ver-

1642 498 1678 531 11

1642 671 1679 704 12

1642 845 1677 878 13

1641 1017 1680 1051 14

1642 1131 1679 1165 15

1642 1246 1678 1279 16

1646 1419 1681 1451 17
