1731 2796
87 239 123 271 12

87 465 123 498 13

86 579 122 612 14

87 692 122 725 15

85 862 121 895 16

85 1033 121 1065 17

85 1261 121 1295 18

158 60 234 98 166
657 59 782 94 LIBER
808 59 874 94 v11.
923 59 1015 94 cAP.
1043 62 1095 95 30.
1382 78 1408 100 a.
1429 79 1458 99 u.
1478 79 1504 100 ο.
1524 72 1585 99 411.

156 175 234 226 qui,
258 186 300 213 ea
322 174 613 226 inplorantibus
634 174 716 214 aliis
742 171 960 229 [auxilium]
988 175 1079 214 dum
1101 187 1217 227 supra
1239 174 1340 215 vires
1361 187 1451 215 suas
1472 188 1586 228 prae-

153 237 268 279 stant,
286 237 372 270 ante
387 244 524 271 omnes
541 232 615 284 ipsi
638 233 677 271 in
701 233 802 271 hanc
822 231 1092 271 necessitatem
1109 237 1328 271 venerunt..
1348 245 1585 284 quamquam

155 288 412 340 pugnavimus
443 288 559 327 verbo
590 301 662 341 pro
693 288 886 336 Sidicinis,
918 301 960 327 re
991 301 1063 340 pro
1089 288 1214 336 nobis,
1246 301 1335 328 cum
1367 288 1587 329 videremus

155 344 363 384 finitimum
395 345 586 397 populum
623 346 770 384 nefario
808 344 1013 383 latrocinio
1051 345 1285 384 Samnitium
1321 346 1401 397 peti
1431 351 1487 395 et,
1518 346 1586 385 ubi

156 402 465 452 conflagrassent
487 402 663 449 Sidicini,
685 402 731 441 ad
754 414 826 441 nos
848 401 1102 440 traiecturum
1123 401 1218 441 illud
1237 402 1465 442 incendium
1488 415 1585 442 esse.

156 471 231 497 nec
258 459 362 497 enim
387 471 515 506 nunc,
549 459 637 509 quia
669 459 803 498 dolent
831 458 1016 497 iniuriam
1046 464 1245 510 acceptam
1279 459 1485 508 Samnites,
1518 460 1585 499 sed

155 515 244 566 quia
261 515 433 565 gaudent
451 514 618 554 oblatam
636 515 709 555 sibi
734 528 818 554 esse
845 527 1013 562 causam,
1033 521 1303 567 oppugnatum
1322 529 1395 556 nos
1410 516 1585 556 veniunt.

155 585 217 619 an,
250 572 280 611 si
303 572 398 611 ultio
420 572 500 610 irae
522 572 617 611 haec
640 578 677 611 et
700 585 780 611 non
805 572 956 611 occasio
981 572 1204 623 cupiditatis
1233 572 1449 624 explendae
1471 579 1585 621 esset,

154 641 292 680 parum
314 629 398 676 suit,
418 629 520 680 quod
538 629 659 668 semel
680 629 718 668 in
736 626 910 670 Sidicino
932 641 1039 680 agro,
1057 628 1200 668 iterum
1221 628 1260 668 in
1280 629 1487 681 Campania
1503 630 1586 681 ipsa

156 686 331 737 legiones
354 692 507 725 nostras
537 684 743 725 cecidere?
780 698 879 737 quae
903 692 960 725 est
989 686 1060 725 ista
1091 692 1168 725 tam
1198 686 1339 725 infesta
1369 686 1437 734 ira,
1469 698 1586 737 quam

155 755 225 794 per
247 742 342 782 duas
364 742 465 782 acies
487 743 598 782 susus
619 743 779 794 sanguis
796 743 954 795 explere
976 755 1055 781 non
1075 741 1275 794 potuerit?
1297 742 1394 782 adde
1414 743 1492 782 huc
1514 756 1586 795 po-

154 799 396 850 pulationem
428 812 625 851 agrorum,
658 799 820 851 praedas
849 799 1053 839 hominum
1092 805 1208 851 atque
1244 799 1438 851 pecudum
1467 806 1585 848 actas,

154 856 335 895 incendia
354 856 526 895 villarum
551 869 594 895 ac
616 857 763 904 ruinas,
787 856 917 895 omnia
939 857 1043 895 ferro
1066 856 1227 908 ignique
1248 861 1412 906 vastata3
1435 856 1586 896 hiscine

155 912 211 951 ira
234 913 380 964 expleri
404 926 484 952 non
508 912 665 965 potuit?
695 913 762 953 sed
785 913 977 965 cupiditas
999 913 1191 965 explenda
1213 918 1283 953 est.
1326 925 1369 952 ea
1390 913 1435 952 ad
1459 926 1587 965 oppu-

153 969 349 1019 gnandam
370 969 539 1021 Capuam
563 971 686 1022 rapit3
709 976 775 1009 aut
796 970 925 1009 delere
947 969 1085 1009 urbem
1103 970 1409 1022 pulcherrimam
1430 977 1497 1009 aut
1513 970 1588 1022 ipsi

152 1026 352 1078 possidere
375 1027 522 1065 volunt.
564 1027 631 1066 sed
663 1040 729 1067 vos
761 1027 904 1079 potius,
935 1027 1116 1075 Romani,
1146 1026 1340 1066 beneficio
1369 1033 1496 1066 vestro
1520 1039 1586 1066 oc-

154 1089 291 1135 cupate
315 1095 413 1131 eam,
447 1096 562 1134 quam
594 1084 679 1123 illos
709 1083 854 1123 hahere
886 1096 959 1136 per
979 1084 1214 1123 maleficium
1234 1083 1384 1123 sinatis.
1425 1097 1505 1123 non
1528 1083 1587 1122 lo-

155 1152 256 1190 quor
277 1141 379 1192 apud
402 1147 648 1180 recusantem
671 1141 771 1180 iusta
793 1140 894 1180 bella
912 1141 1124 1193 populum;
1146 1142 1212 1181 sed
1234 1146 1379 1190 tamen,
1399 1140 1431 1180 si
1453 1146 1586 1180 osten-

157 1196 290 1235 deritis
311 1197 449 1235 auxilia
472 1205 607 1245 vestra,
632 1210 681 1236 ne
703 1197 806 1236 hello
829 1198 985 1249 quidem
1016 1197 1188 1237 arbitror
1219 1197 1329 1237 vobis
1358 1209 1458 1249 opus
1488 1198 1586 1236 fore.

154 1266 279 1304 usque
302 1253 349 1292 ad
373 1266 445 1293 nos
467 1261 717 1306 contemptus
740 1254 974 1293 Samnitium
990 1254 1181 1306 pervenit,
1204 1266 1324 1306 supra
1344 1267 1426 1293 non
1450 1266 1587 1294 escen-

202 1378 252 1410 11.
290 1377 370 1417 ea*]
409 1376 509 1410 naml.
548 1377 834 1410 misericordiam

152 1421 411 1464 ait-viliumque.

201 1468 251 1501 12.
278 1478 492 1510 quamquam
505 1492 513 1500 .
527 1470 548 1508 .]
568 1467 834 1510 Beschrankung

152 1522 218 1545 von
257 1514 522 1555 inplorantibus
557 1539 565 1548 .
593 1537 600 1545 .
628 1516 832 1555 praestant:

152 1557 246 1591 nicht
273 1558 374 1591 allein
403 1569 456 1591 um
476 1558 622 1591 anderen
647 1569 690 1591 zu
708 1558 833 1601 helsen,

154 1603 298 1636 sondern
318 1614 372 1636 um
392 1604 463 1636 sich
481 1603 588 1636 selbst
602 1614 643 1636 zu
658 1604 832 1645 schfitzen‚

152 1648 261 1682 haben
293 1650 342 1682 sie
374 1649 475 1692 Krieg
509 1648 660 1692 geffihrt,
699 1649 740 1682 da
779 1649 832 1683 die

153 1693 325 1727 Samniten
345 1704 406 1727 nur
421 1694 474 1727 die
489 1693 752 1736 Unterwerfung
768 1694 833 1727 Ka-

152 1749 235 1782 puas
261 1739 530 1782 beabsichtigen.
558 1759 599 1764 —
627 1740 832 1781 latrocinio]

154 1794 178 1817 s.
199 1786 253 1826 28,
274 1787 308 1823 3;
336 1785 484 1818 dadurch
503 1785 576 1818 dass
603 1784 662 1818 das
681 1785 834 1828 logische

153 1828 299 1871 Subjekt
336 1831 369 1863 in
406 1830 465 1864 das
503 1829 833 1865 Genetivverhaltnis

153 1874 235 1915 tritt,
263 1875 347 1908 wird
372 1876 563 1908 latrocinio
582 1876 749 1918 gehoben,
767 1876 834 1909 wie

152 1919 202 1952 ost
227 1920 281 1952 bei
307 1920 431 1954 Livius.

194 1966 244 1999 13.
276 1965 397 1997 dolent
434 1968 605 1998 iniuriam
639 1966 832 2008 acceptam]

152 2009 220 2052 vgl.
241 2012 340 2051 5,11‚
363 2013 392 2044 5.
417 2030 461 2035 —
484 2012 638 2050 causam]
657 2020 718 2043 nur
736 2011 833 2043 einen

154 2054 335 2088 Vorwand.

202 2103 253 2134 14.
279 2112 325 2133 an
350 2103 402 2133 si.
417 2100 665 2150 .]rhetorische
684 2100 834 2142 Begriin-

153 2145 261 2189 dung;
300 2163 344 2175 =
378 2148 465 2178 satis
502 2140 573 2178 eise
598 2148 718 2188 potent
734 2125 834 2179 Doder

154 2194 315 2235 oportent
331 2191 447 2233 (daher
464 2190 564 2233 Γαίης
592 2191 659 2234 vgl.
678 2193 708 2233 9,
722 2193 753 2232 9,
774 2192 831 2229 12;

155 2239 208 2279 31,
235 2239 288 2279 21,
315 2238 349 2276 3;
386 2237 445 2270 aus
473 2237 566 2270 diese
600 2236 698 2279 geht,
731 2236 833 2268 nach-

154 2282 229 2315 dem
248 2282 305 2316 der
323 2282 483 2316 Gedanke
499 2284 532 2314 si
548 2283 636 2315 ultio
655 2284 732 2314 irae
750 2284 838 2314 esset

155 2353 162 2361 .
189 2352 196 2361 .
223 2328 257 2360 in
289 2339 378 2370 qnae
410 2332 460 2360 est
485 2354 492 2361 .
520 2353 527 2361 .
553 2328 690 2370 expleri
717 2328 836 2370 potuit

155 2373 274 2406 weiter
291 2373 490 2416 ausgest'ihrt
507 2374 562 2415 ist,
588 2374 608 2416 ξ
626 2374 681 2407 16:
699 2373 761 2406 sed
777 2383 835 2405 cu-

150 2419 286 2461 piditas
311 2444 341 2452 ..
445 2419 582 2461 eoepleri
613 2422 731 2451 autem
762 2429 834 2450 non

151 2464 288 2506 potnit,
315 2464 409 2506 quod
433 2475 504 2497 non
531 2465 586 2496 ira
611 2465 673 2496 sed
698 2464 834 2507 cupidi-

158 2512 210 2541 tas
236 2512 285 2541 est
315 2508 452 2542 zurfick.
500 2509 544 2542 Es
581 2509 665 2542 wird
696 2518 836 2543 vorans-

907 1379 1053 1418 gesetzt‚
1091 1375 1164 1409 dass
1197 1375 1251 1409 die
1285 1374 1458 1409 Samniten
1489 1375 1587 1410 ihren

907 1421 987 1464 Sieg
1011 1421 1104 1454 nicht
1129 1421 1244 1455 hatten
1261 1421 1438 1464 verfolgen
1463 1421 1584 1457 sollen.

906 1486 950 1491 —
975 1467 1066 1499 ultio
1093 1468 1181 1507 irae]
1213 1466 1266 1500 die
1297 1476 1358 1500 aus
1397 1467 1471 1500 dem
1497 1467 1586 1501 Zorn

905 1511 1183 1554 hervorgehende
1207 1510 1383 1551 Rache;s
1369 1522 1382 1529 ”
1386 1514 1475 1555 40,
1501 1515 1532 1553 7,
1554 1514 1585 1547 6.

904 1577 947 1581 —
969 1568 1100 1601 parum
1133 1556 1206 1597 fuit
1241 1558 1350 1600 quod]
1375 1568 1402 1593 s.
1429 1559 1464 1599 4,
1491 1559 1520 1600 2,
1547 1560 1585 1597 7;

903 1603 963 1636 mit
987 1605 1058 1635 nisi
1082 1605 1112 1644 6,
1138 1605 1193 1645 40,
1222 1604 1279 1642 18;
1306 1603 1374 1645 vgl.
1401 1604 1514 1645 zu27‚
1535 1605 1587 1646 10,

904 1650 935 1681 5.
964 1668 1004 1672 —
1031 1648 1168 1683 semel.
1184 1675 1191 1681 .
1217 1650 1358 1689 iterum]
1386 1648 1420 1681 in
1438 1648 1587 1682 Aufzah-

904 1693 1043 1736 lungen,
1067 1674 1168 1736 giebt·
1173 1693 1269 1727 mehr
1285 1693 1339 1727 die
1357 1694 1439 1727 Zahl
1457 1693 1507 1727 als
1533 1693 1587 1728 die

902 1739 1227 1782 Aufeinandersolge
1253 1749 1312 1779 an3
1340 1749 1367 1774 S.
1396 1741 1425 1781 1,
1453 1741 1504 1778 19,
1533 1741 1563 1773 3.

951 1786 1002 1818 15.
1028 1785 1209 1825 villarum]
1236 1785 1296 1817 mit
1319 1784 1428 1818 denen
1461 1795 1503 1818 zu
1535 1785 1588 1818 Li-

904 1829 989 1863 vius’
1007 1830 1081 1863 Zeit
1107 1830 1159 1863 die
1177 1829 1316 1872 Gegend
1343 1830 1479 1863 fibersat
1505 1840 1585 1864 war.

953 1877 1005 1909 17.
1030 1875 1111 1908 sed.
1125 1875 1148 1918 .]
1175 1885 1232 1908 um
1249 1875 1303 1908 die
1321 1874 1496 1908 Samniten
1518 1885 1586 1908 von

905 1919 1019 1962 Kapua
1032 1920 1246 1961 abzuhalten,
1260 1920 1372 1953 reiche
1389 1920 1443 1953 ein
1457 1919 1585 1954 blosses

903 1964 1122 2008 Machtgebot
1148 1965 1207 1998 der
1232 1964 1355 1998 Romer
1380 1965 1448 1999 hin.
1466 1976 1587 2008 —po·

904 2013 976 2042 tius
999 2035 1030 2043 ..
1052 2012 1170 2052 quam]
1197 2020 1222 2043 s.
1250 2011 1280 2052 2,
1309 2012 1359 2050 15,
1386 2012 1424 2049 2;
1450 2010 1483 2043 in
1509 2011 1586 2045 dem

903 2058 1016 2088 ersten
1043 2054 1235 2098 Satzgliede
1252 2056 1313 2088 mit.
1335 2057 1456 2098 potins
1480 2055 1586 2090 findet

904 2100 975 2133 sich
1001 2100 1055 2133 ein
1086 2100 1277 2144 lmperativ,
1309 2101 1375 2134 wie
1406 2101 1488 2142 hier,
1524 2112 1587 2135 nur

904 2145 1024 2179 selten.
1046 2165 1083 2169 —
1103 2157 1173 2178 non
1193 2145 1320 2189 loquor
1337 2173 1343 2179 .
1358 2148 1379 2187 .]
1405 2146 1445 2179 da
1465 2151 1586 2180 unser'e

905 2190 1012 2224 Sache
1046 2191 1185 2234 gerecht.
1217 2192 1280 2233 ist,
1313 2202 1351 2225 so
1377 2192 1497 2225 durren
1525 2193 1586 2225 wir

904 2246 971 2269 von
1008 2237 1093 2270 euch
1120 2237 1248 2280 thatige
1283 2237 1384 2271 flfllse
1409 2240 1586 2280 erwarten‚

905 2282 985 2315 aber
1022 2291 1058 2315 es
1092 2282 1213 2315 bedarf
1241 2282 1362 2317 dessen
1393 2283 1486 2316 nicht
1516 2283 1585 2316 ein-

904 2327 983 2360 mal.
997 2347 1039 2350 —
1050 2328 1285 2369 ostenderitis]
1296 2327 1366 2362 und
1374 2330 1500 2361 umbra
1509 2327 1585 2361 sind

905 2372 1007 2405 durch
1020 2372 1072 2406 die
1081 2373 1237 2416 Stellung
1248 2374 1420 2416 gehoben:
1435 2373 1486 2406 ihr
1494 2372 1586 2406 dsirft

906 2428 967 2451 nur
987 2445 994 2451 .
1009 2443 1016 2451 .
1036 2418 1139 2452 durch
1165 2418 1229 2452 den
1257 2418 1391 2452 blossen
1411 2417 1585 2452 Schatten.

952 2464 983 2497 8.
1007 2465 1128 2506 supra]
1154 2464 1298 2497 darfiber
1322 2464 1442 2497 hinaus
1468 2463 1520 2496 bis
1544 2473 1586 2497 zu

907 2508 1004 2550 euch,
1020 2509 1073 2542 die
1091 2509 1141 2542 ihr
1154 2509 1260 2543 h6her
1275 2509 1369 2556 steht
1386 2508 1455 2542 und
1472 2509 1586 2542 mach-
