1731 2796
174 97 257 135 210

640 96 766 130 LIBER
791 95 873 130 VIII.
922 95 1016 130 CAP.
1043 99 1073 130 7.
1101 98 1132 130 8.

1410 115 1437 135 a.
1456 114 1485 134 u.
1507 114 1532 134 c.
1552 108 1614 134 414.

171 220 299 253 morte
322 219 387 252 tua
404 212 617 252 sancienda
633 211 713 251 sint
729 211 936 251 consulum
959 211 1124 263 imperia
1139 215 1203 250 aut
1221 210 1442 263 inpunitate
1464 209 1503 249 in
1522 222 1614 262 per-

172 276 334 322 petuum
358 268 597 320 abroganda,
631 281 681 307 ne
704 274 741 307 te
764 267 935 319 quidem,
957 268 988 307 si
1021 266 1115 318 quid
1137 267 1176 306 in
1200 273 1238 306 te
1261 267 1386 307 nostri
1409 266 1614 318 sanguinis

173 334 243 375 est,
266 338 450 366 recusare
472 337 667 373 censeam,
685 324 780 376 quin
799 324 1045 376 disciplinam
1067 324 1274 363 militarem
1297 323 1411 375 culpa
1432 328 1499 362 tua
1521 335 1611 375 pro-

102 392 140 424 20
170 383 316 435 lapsam
348 395 476 434 poena
508 382 702 421 restituas.
744 382 767 429 i,
790 381 917 427 lictor,
940 381 1067 432 deliga
1098 381 1145 420 ad
1181 379 1344 432 palum.'

1404 379 1613 419 exanimati

173 453 311 479 omnes
331 445 409 478 tam
432 439 554 478 atroci
576 437 742 490 imperio
771 449 845 476 nec
867 437 978 476 aliter
999 449 1115 488 quam
1138 437 1177 476 in
1202 450 1244 477 se
1261 437 1428 488 quisquc
1449 436 1614 476 destric—

171 504 249 536 tam
283 501 493 535 cernentes
524 507 715 542 securem,
747 499 855 532 metu
886 494 1010 545 magis
1042 506 1158 545 quam
1193 494 1383 533 modestia
1417 493 1613 544 quievere.

103 562 139 594 21
171 554 302 604 itaque
333 552 438 591 velut
476 564 605 591 merso
638 550 686 590 ab
718 550 980 589 admiratione
1022 550 1154 590 animo
1187 563 1276 589 cum
1307 550 1463 590 silentio
1500 549 1615 589 defixi

173 611 385 657 stetissent,
417 614 595 660 repente,
618 613 827 659 postquam
849 607 1000 647 cervice
1023 619 1134 646 caesa
1165 607 1276 647 fusus
1303 613 1362 646 est
1382 619 1513 654 cruor,
1535 613 1612 646 tam

172 666 296 705 libero
321 670 542 716 conquestu
565 670 724 703 coortae
750 676 866 704 voces
897 670 1003 712 sunt,
1035 670 1079 703 ut
1109 676 1240 714 neque
1271 664 1453 703 lamentis
1484 675 1615 714 neque

103 735 111 744 ·
172 722 490 762 execrationibus
511 726 742 773 parceretur
768 721 983 772 spoliisque
1015 726 1243 760 contectum
1274 720 1425 760 iuvenis
1456 732 1614 772 corpus,

173 785 366 830 quantum
378 778 611 817 militaribus
623 777 761 817 studiis
771 778 892 817 funus
902 777 1025 816 ullum
1045 776 1313 816 concelebrari
1334 783 1475 828 potest,
1486 782 1615 816 struc-

172 843 212 876 to
244 842 352 875 extra
382 835 523 874 vallum
565 847 663 886 rogo
693 840 937 874 cremaretur
966 834 1243 885 Manlianaque
1273 833 1437 885 imperIa
1471 846 1550 872 non
1574 833 1614 872 in

172 892 393 945 praesentia
425 892 543 931 modo
575 891 785 938 horrenda,
817 890 884 930 sed
917 891 1084 942 exempli
1110 890 1225 930 etiam
1257 890 1378 930 tristis
1409 890 1448 928 in
1481 895 1615 941 poste-

175 962 263 988 rum
286 955 430 988 essent.
480 949 573 987 fecit
602 954 733 987 tamen
756 947 939 987 atrocitas
971 960 1125 999 poenae
1157 947 1495 986 oboedientiorem
1526 945 1616 985 duci

173 1006 349 1053 militem,
372 1012 410 1044 et
431 1011 708 1056 praeterquam
742 1004 846 1055 quod
879 1004 1078 1044 custodiae
1100 1004 1331 1055 vigiliaeque
1354 1009 1392 1042 et
1419 1003 1516 1042 ordo
1538 1009 1617 1042 sta-

174 1063 328 1101 tionum
349 1062 575 1101 intentioris
592 1061 740 1112 ubique
757 1073 875 1100 curae
892 1067 1019 1108 erant,
1037 1061 1077 1099 in
1096 1060 1233 1100 ultimo
1251 1060 1366 1099 etiam
1385 1060 1615 1107 certamine,

173 1131 262 1158 cum
286 1119 520 1158 descen-sum
544 1119 583 1157 in
607 1118 730 1157 aciem
753 1124 823 1165 est,
846 1130 890 1157 ea
912 1118 1099 1157 severitas
1120 1117 1284 1168 profuit.
1315 1117 1388 1156 fuit
1409 1123 1539 1156 autem
1561 1116 1616 1155 ci-

174 1176 236 1214 vili
257 1176 423 1215 maxime
445 1175 549 1213 bello
571 1187 704 1226 pugna
726 1175 883 1223 similis;
916 1174 1012 1213 adeo
1045 1174 1143 1213 nihil
1174 1173 1277 1226 apud
1300 1173 1462 1213 Latinos
1492 1173 1616 1213 disso-

175 1245 270 1272 num
292 1232 339 1271 ab
362 1232 538 1271 Romana
562 1243 604 1270 re
627 1237 783 1282 praeter
804 1231 959 1270 animos
981 1237 1076 1269 erat.

174 1321 217 1354 du
256 1321 373 1363 gabst,
411 1320 491 1353 weil
517 1319 561 1352 du
588 1319 664 1352 dieb
696 1319 860 1352 tauschen

173 1366 305 1399 liessest
315 1366 420 1398 durch
434 1375 531 1406 uSW.,
541 1365 598 1398 der
612 1365 862 1407 hervorgegan—

173 1421 239 1454 gen
250 1412 294 1444 ist
303 1421 363 1444 aus
372 1411 481 1444 einem
493 1410 644 1443 salsehen
656 1409 788 1452 Begriff
795 1421 860 1443 von

174 1457 278 1495 Ehre;
293 1456 362 1499 vgl.
378 1455 438 1489 Ov.
454 1466 495 1488 ex
508 1455 607 1489 Pont.
622 1457 654 1495 4,
666 1457 696 1496 6,
714 1457 771 1489 15:
787 1465 862 1488 coe-

170 1504 277 1544 perat
290 1528 298 1535 .
314 1526 321 1534 .
340 1502 505 1543 deceptae
518 1503 702 1542 ignoscere
717 1501 861 1543 eulpae;

174 1546 259 1580 Stat.
274 1545 357 1580 Silv.
373 1548 404 1587 2,
422 1549 451 1587 1,
467 1548 528 1580 97:
547 1549 632 1588 post
653 1548 788 1587 cineres
805 1546 862 1578 de-

174 1596 342 1634 ceptaque
359 1591 489 1630 funera
509 1593 647 1624 matris.
679 1591 860 1632 Ahnliche,

173 1647 275 1670 wenn
312 1637 398 1670 auch
436 1637 589 1678 weniger
625 1636 720 1669 harte
755 1636 859 1669 Uber-

174 1687 363 1725 tragungen
389 1692 414 1715 s.
444 1684 502 1722 10,
529 1684 567 1723 1,
592 1683 633 1721 53
660 1683 794 1723 22,17,
820 1683 857 1720 2;

175 1729 229 1769 38,
249 1729 301 1768 17,
321 1729 379 1760 20:
404 1729 580 1770 specimen
598 1728 797 1769 antiquum.
816 1746 860 1750 —

174 1775 211 1805 in
237 1774 281 1813 te]
300 1775 333 1804 te
358 1773 403 1805 ist
420 1772 558 1805 Ablativ
584 1771 653 1805 und
678 1774 716 1804 in
742 1775 774 1803 te
798 1772 860 1804 mit

173 1820 348 1860 specimen
364 1842 372 1850 .
387 1842 394 1850 .
409 1818 546 1850 decoris
569 1828 612 1851 zu
636 1816 835 1850 verbinden.

222 1864 274 1896 19.
305 1863 508 1903 sancienda]
542 1873 568 1895 s.
601 1864 655 1902 24,
681 1863 735 1902 37,
762 1864 793 1897 9.
819 1881 863 1886 —

174 1909 244 1939 ne*
271 1910 302 1938 te
334 1908 486 1950 quidem]
520 1907 614 1940 nicht
649 1907 773 1939 einmal
805 1906 863 1948 du,

176 1952 265 1985 denn
282 1962 350 1984 von
375 1953 438 1985 mir
463 1952 617 1985 versteht
642 1962 679 1984 es
697 1952 769 1984 sich
793 1962 862 1984 von

176 1997 300 2036 selbst;
323 1996 415 2030 diese
435 1997 577 2029 Ansicht
595 1996 640 2029 ist
662 1996 768 2029 sehon
783 1996 803 2038 ξ
820 1999 859 2029 17

176 2041 393 2085 angedeutet.
418 2061 463 2065 -
487 2043 658 2081 censeam]
681 2041 782 2074 sollte
807 2042 862 2074 ich

176 2087 331 2127 meinen;
357 2097 382 2120 s.
408 2088 462 2128 21,
490 2088 543 2127 18,
569 2088 600 2119 6.
625 2106 667 2110 -
702 2088 715 2118 i
741 2086 860 2125 lictor]

177 2142 202 2166 s.
232 2136 260 2172 1,
287 2134 341 2172 26,
367 2134 421 2166 11.
445 2151 490 2155 —
508 2132 648 2174 palum]
674 2141 700 2164 s.
726 2133 757 2172 2,
772 2133 802 2171 5,
818 2134 848 2165 6.

222 2179 275 2211 20.
311 2178 527 2217 destrictam]
561 2182 659 2209 sonst
690 2187 759 2209 von
786 2176 862 2209 dem

177 2222 370 2256 Schwerte:
405 2222 585 2263 enthic'ffst,
623 2220 781 2263 gezuckt.
817 2240 862 2246 —

176 2266 351 2311 securem]
370 2278 396 2301 s.
416 2269 446 2308 3,
463 2268 516 2309 36,
536 2269 573 2306 4;
590 2269 745 2299 securim
765 2269 793 2308 1,
809 2269 862 2307 40,

180 2316 215 2352 7;
241 2315 273 2354 9,
293 2315 425 2353 16,17;
451 2323 478 2346 s.
503 2323 545 2345 zu
571 2313 602 2353 8,
629 2313 682 2351 32,
711 2313 762 2345 11.

225 2360 277 2391 21.
304 2359 435 2400 itaque]
463 2358 557 2400 giebt
587 2357 641 2390 die
666 2356 771 2399 Folge
796 2366 862 2389 von

178 2404 320 2444 magis
343 2406 438 2435 metu
463 2427 470 2435 .
491 2427 498 2435 .
517 2413 576 2435 an:
603 2402 682 2435 weil
710 2401 864 2434 vorherr-

180 2447 306 2480 schend
348 2447 401 2480 die
448 2446 572 2480 Furcht
614 2446 762 2480 Ursache
806 2446 865 2479 der

179 2491 275 2524 Ruhe
308 2501 466 2533 gewesen
500 2502 587 2531 war,
621 2492 769 2525 brachen
804 2491 863 2532 sie,

180 2537 230 2569 als
255 2546 355 2569 wenn
378 2563 385 2570 .
402 2561 429 2579 .,
448 2537 481 2569 in
502 2537 662 2570 Geschrei
688 2547 766 2576 aus;
792 2536 864 2569 hat—

932 1323 988 1352 ten
1015 1319 1064 1352 sie
1091 1319 1198 1352 sehon
1222 1318 1345 1352 vorher
1371 1328 1433 1352 aus
1457 1317 1618 1360 Achtung

930 1375 993 1397 vor
1018 1364 1094 1397 dem
1121 1364 1232 1397 Gebot
1256 1364 1325 1397 und
1351 1374 1412 1397 aus
1434 1363 1619 1397 sittlichem

920 1409 1076 1443 *Gerfihle
1101 1409 1197 1443 Ruhe
1226 1409 1404 1452 gehalten,
1439 1418 1478 1441 so
1503 1409 1618 1442 waren

932 1455 982 1488 sie
997 1455 1083 1488 auch
1098 1455 1208 1488 ferner
1221 1454 1321 1497 ruhig
1335 1454 1527 1497 geblieben.
1553 1454 1619 1486 Zur

932 1499 1042 1533 Sache
1054 1500 1143 1553 vgl.
1170 1499 1232 1533 Dio
1259 1501 1313 1541 35,
1339 1502 1374 1534 3:
1402 1501 1542 1535 τοῦτον
1567 1493 1619 1553 ὡς

930 1544 1001 1601 μὲν
1040 1539 1198 1598 αριστέα
1245 1541 1530 1598 ἐστεφάνωσεν,
1568 1539 1620 1585 ὡς

932 1589 970 1626 δὲ
1006 1585 1237 1646 ὑπερβάντα
1267 1586 1314 1626 τὰ
1347 1587 1390 1632 ἐξ
1420 1585 1540 1625 αὐτοῦ
1563 1601 1619 1625 τε·

930 1634 1115 1723 taygaeevfc*
1125 1633 1361 1672 ἐπελέκυσεν.
1395 1654 1438 1660 -
1462 1636 1618 1676 merso]*

931 1700 972 1705 —
1016 1692 1073 1714 am

977 1728 1031 1761 22.
1055 1726 1179 1767 funus]
1205 1736 1232 1761 s.
1257 1728 1289 1767 3,
1313 1727 1367 1767 43,
1393 1728 1425 1760 7.
1451 1745 1494 1750 —
1518 1725 1621 1758 Man-

930 1773 1110 1815 lianaque]
1135 1781 1162 1805 s.
1187 1773 1220 1812 4,
1246 1772 1300 1812 29,
1325 1772 1363 1810 63
1396 1770 1481 1804 Gell.
1509 1773 1539 1813 1,
1566 1772 1620 1812 13,

930 1820 961 1850 7.
1000 1837 1045 1841 —
1076 1819 1116 1849 in
1150 1817 1370 1859 praesentia]
1410 1815 1492 1849 wird
1532 1816 1619 1849 auch

932 1872 1001 1895 von
1031 1862 1089 1895 der
1114 1861 1391 1904 Vergangenheit
1421 1861 1618 1903 gebraucht,

933 1917 1033 1940 wenn
1049 1907 1202 1940 dieselbe
1216 1906 1266 1939 als
1281 1906 1411 1939 damals
1421 1907 1619 1948 gegenwar-

932 1952 982 1994 tig
1010 1951 1070 1985 der
1098 1951 1248 1984 Zukunft
1281 1951 1619 1993 gegenfibergestellt

931 1996 1035 2036 wird;
1056 2007 1082 2030 s.
1110 1998 1164 2038 33,
1185 1998 1242 2035 15;
1272 1997 1303 2038 2,
1321 1997 1377 2038 44,
1402 1997 1440 2035 2;
1467 1998 1498 2038 7,
1516 1997 1570 2037 37,
1596 1997 1616 2029 2

931 2051 964 2074 u.
991 2051 1020 2075 3.

975 2086 1015 2120 8.
1044 2089 1072 2119 1.
1093 2085 1287 2126 custodiae]
1306 2084 1457 2118 Wachen
1474 2085 1529 2119 bei
1548 2086 1618 2119 ein—

931 2130 1050 2163 zelnen
1076 2130 1349 2173 Gegenstfinden,
1372 2129 1519 2171 Posten;
1545 2131 1618 2166 hier

932 2176 978 2208 im
1014 2175 1224 2218 Gegensatze
1265 2186 1306 2208 zu
1345 2176 1495 2218 vigiliae
1531 2175 1619 2218 Tag-

932 2220 1073 2253 wachen
1099 2221 1296 2262 (eoecubiae)
1319 2239 1364 2245 —
1381 2221 1469 2254 ordo
1493 2223 1618 2253 statio-

930 2267 1028 2306 num]
1060 2265 1119 2299 der
1150 2265 1387 2308 regelmassige
1411 2265 1530 2299 Dienst
1559 2266 1618 2299 der

932 2310 1058 2343 Posten
1092 2321 1155 2344 vor
1186 2310 1262 2343 dem
1293 2311 1410 2353 Lager.
1435 2330 1479 2334 —
1503 2313 1618 2343 inten-

933 2358 1037 2388 tioris
1074 2382 1080 2389 .
1116 2382 1123 2389 .
1159 2358 1277 2396 curae]
1311 2356 1366 2389 ein
1399 2355 1617 2398 Gegenstand

933 2400 1101 2443 grosserer
1126 2400 1291 2444 Sorgsalt;
1321 2411 1347 2434 s.
1374 2403 1428 2441 30,
1448 2402 1501 2440 28,
1516 2402 1548 2434 9.

980 2447 1010 2478 2.
1045 2446 1145 2478 civili
1175 2470 1184 2479 .
1216 2473 1222 2479 .
1258 2446 1358 2486 bello]
1389 2461 1433 2472 =
1461 2456 1618 2488 pugnae,

934 2491 1050 2533 qualis
1076 2491 1230 2523 incivili
1252 2491 1341 2523 bello
1367 2502 1438 2523 esse
1461 2491 1563 2529 solet;
1591 2501 1617 2524 s.

938 2538 965 2577 1,
981 2537 1034 2577 23,
1047 2538 1075 2570 1.
1090 2555 1134 2560 —
1147 2535 1306 2569 Romana
1319 2538 1370 2576 re]
1384 2535 1438 2569 die
1450 2536 1618 2569 romische
