1779 2828
163 124 190 147 a.
209 119 278 148 Chr.
300 125 330 146 n.
349 119 411 146 321.
625 103 751 138 LIBER
777 103 873 138 Vtut.
911 103 1005 138 CAP.
1032 105 1063 139 ·2.
1091 105 1121 137 3.
1602 102 1625 140 5

160 236 246 264 eam
269 235 431 276 quoque
453 222 625 262 clausam
648 233 718 261 sua
741 220 856 260 obice
879 220 1078 272 almisque
1101 220 1324 259 inveniunt.
1367 220 1513 259 sistunt
1535 219 1628 259 inde

159 282 324 335 gradum
347 281 433 321 sine
455 279 575 320 ullius
597 278 780 331 impe1io,
812 285 1034 330 stuporque
1058 277 1237 317 omnium
1271 278 1425 316 animos
1456 289 1499 316 ac
1522 277 1629 317 velut

159 347 302 392 torpor
313 338 472 402 quidam
490 336 675 377 insolitus
692 335 871 376 membra
886 342 1009 381 tenet,
1028 335 1313 386 intuentesque
1330 335 1393 374 alii
1408 334 1516 381 alios
1536 348 1626 375 cum

158 397 328 438 alterum
351 395 521 448 quisque
542 401 756 447 conpotem
781 394 905 445 magis
927 393 1073 433 mentis
1090 405 1134 432 ac
1152 392 1309 432 consilii
1330 393 1537 440 ducerent
1559 393 1626 432 diu

158 453 373 496 inmobiles
394 453 533 502 silent;
566 453 723 500 deinde,
757 451 824 492 ubi
856 451 1054 504 praetoria
1078 450 1290 491 consulum
1313 450 1411 501 erigi
1435 450 1566 489 videre
1590 457 1627 490 et

158 511 344 566 expedire
366 510 560 563 quosdam
582 510 691 550 utilia
715 510 842 562 operi,
865 521 1106 561 quamquam
1129 508 1302 548 ludibrio
1331 509 1416 547 sore
1440 508 1627 547 munien-

157 576 217 611 tes
238 569 405 623 perditis
425 567 548 608 rebus
565 580 610 608 ac
627 581 697 621 spe
716 568 825 607 omni
844 567 1028 620 adempta
1047 566 1282 614 cernebant,
1307 572 1452 614 tamen,
1476 578 1526 605 ne
1545 566 1628 605 cul·

157 640 248 682 pam
272 627 385 667 malis
406 626 612 673 adderent,
638 639 712 679 pro
734 638 776 666 se
799 625 968 678 quisque
993 637 1067 665 nec
1090 625 1274 664 hortante
1298 623 1378 664 ullo
1404 636 1478 663 nec
1500 623 1627 676 impe-

157 692 272 726 rante
289 685 337 726 ad
353 685 620 725 muniendum
636 684 737 724 versi
756 691 884 724 castra
902 689 1066 736 propter
1083 695 1226 735 aquam
1244 682 1343 722 vallo
1362 682 1626 726 circumdant,

159 756 229 786 sua
261 743 336 796 ipsi
369 755 490 796 opera
522 742 782 794 laboremque
814 742 1000 786 inritum,
1042 748 1322 794 praeterquam
1355 739 1463 791 quod
1494 740 1630 780 hostes

158 802 332 855 superbe
354 799 640 853 increpabant,
674 812 763 840 cum
796 799 1009 840 miserabili
1041 799 1295 838 confessione
1318 798 1538 837 eludentes.
1581 797 1629 836 ad

159 859 348 900 consules
369 864 556 907 maestos,
591 871 641 897 ne
673 858 910 897 advocantes
942 857 1102 909 quidem
1137 857 1175 895 in
1209 856 1432 902 consilium,
1465 856 1626 907 quando

161 930 236 958 nec
258 917 426 958 consilio
450 928 526 956 nec
547 915 693 955 auxilio
716 915 829 955 locus
852 923 968 961 esset,
1000 927 1069 955 sua
1092 921 1237 967 sponte
1261 914 1377 966 legati
1408 926 1453 953 ac
1475 913 1629 954 tribuni

160 975 420 1023 conveniunt,
442 974 667 1026 militesque
685 974 731 1013 ad
755 974 1000 1025 praetorium
1019 973 1118 1013 versi
1137 985 1267 1025 opem,
1291 984 1409 1024 quam
1426 972 1488 1010 vix
1506 972 1543 1010 di
1566 971 1629 1010 in-

1659 338 1695 372 11

1661 455 1698 488 12

1661 570 1697 603 13

1661 744 1699 777 14

1662 802 1697 835 15

161 1033 349 1074 mortales
370 1033 476 1072 ferre
497 1038 698 1084 poterant,
721 1031 769 1070 ab
793 1031 961 1071 (lucibus
984 1037 1220 1095 exposcunt.
1263 1036 1481 1082 querentes
1503 1029 1628 1081 magis
1652 1037 1677 1074 3

160 1103 280 1144 quam
312 1090 586 1132 consultantes
602 1102 687 1129 nox
711 1090 922 1153 oppressit,
956 1101 1045 1128 cum
1071 1100 1144 1141 pro
1170 1088 1333 1140 ingenio
1358 1088 1527 1139 quisque
1550 1088 1630 1126 fie-

160 1155 338 1198 merent,
370 1149 490 1188 alius.
519 1143 610 1200 ‘per
642 1147 776 1187 obices
808 1147 973 1193 viarum,
1007 1159 1078 1199 per
1109 1147 1272 1186 adversa
1305 1146 1524 1190 montium,
1558 1157 1629 1197 per

159 1207 287 1256 silvas,
321 1219 397 1260 qua
428 1206 523 1246 serri
545 1217 652 1245 aima
685 1211 889 1269 poterunt,
923 1217 1072 1252 eamus,
1096 1205 1214 1244 modo
1237 1204 1283 1243 ad
1310 1204 1465 1243 hostem
1489 1215 1629 1266 perve-

162 1265 248 1305 nire
256 1265 398 1313 liceat,
431 1276 551 1316 quem
574 1275 647 1316 per
669 1276 798 1303 annos
820 1264 894 1303 iam
919 1275 1045 1315 p1ope
1069 1262 1230 1314 triginta
1253 1261 1469 1314 vincimus;
1494 1260 1628 1300 omnia

161 1335 286 1375 aequa
308 1329 347 1392 e‘t
366 1322 484 1375 plana
507 1327 626 1362 erunt
648 1321 829 1361 Romano
863 1322 901 1361 in
928 1294 1142 1373 perosidum
1148 1320 1366 1360 Samnitem
1389 1294 1601 1372 pugnanti’
1619 1330 1628 1363 ;

161 1381 282 1422 alius:
321 1376 422 1433 ‘quo
445 1386 512 1419 aut
533 1392 609 1432 qua
634 1378 799 1419 eamus?
842 1392 939 1419 num
964 1386 1120 1418 montes
1143 1378 1274 1417 moliri
1297 1378 1390 1417 sede
1412 1390 1480 1417 sua
1514 1389 1629 1429 para-

161 1535 206 1542 -—
224 1518 367 1559 stupor]
386 1516 534 1560 geistige
554 1516 770 1559 Erstarrung,
794 1516 860 1550 Un-

162 1561 335 1606 f'ahigkeit
360 1573 401 1597 zu
428 1562 578 1605 denken,
604 1563 659 1597 bei
686 1563 746 1596 der
772 1563 859 1596 auch

164 1608 223 1642 der
265 1607 396 1652 Korper
443 1610 628 1651 (membra)
670 1610 860 1652 gleichsam

164 1658 252 1688 stari·
271 1654 388 1688 wurde
405 1655 577 1698 (torpor);
604 1655 671 1698 vgl.
687 1657 742 1695 22,
757 1657 812 1694 53,
828 1656 860 1689 6.

214 1703 267 1736 11.
285 1700 449 1745 quisque]
464 1701 523 1734 hat
537 1701 612 1734 sich
627 1702 698 1734 hier
712 1712 753 1734 an
770 1701 862 1733 alle]-

165 1746 454 1790 angeschlossen:
487 1747 582 1780 einer
615 1747 677 1780 sah
711 1747 776 1780 den
805 1757 862 1780 an—

166 1792 269 1826 deren
288 1802 329 1826 an
349 1794 389 1834 (S.
401 1796 432 1835 5,
451 1794 496 1836 8),
514 1792 629 1826 indem
643 1792 861 1836 Jederjeden

167 1838 327 1879 anderen,
345 1839 411 1872 den
427 1849 463 1873 er
480 1839 600 1879 ansah,
619 1839 673 1873 sur
692 1867 698 1873 .
715 1864 722 1872 .
739 1866 745 1873 .
766 1839 860 1872 hielt.

215 1886 267 1920 12.
295 1887 408 1928 operi]
423 1884 682 1925 Scbanzarbeit‚
702 1885 768 1919 wie
784 1896 861 1918 mu-

165 1933 304 1964 nientes
316 1956 324 1964 .
335 1957 343 1965 .
357 1932 591 1965 muniendum
604 1932 711 1975 zeigt;
727 1942 752 1965 5.
768 1934 820 1971 19,
830 1934 861 1965 9.

215 1979 268 2013 14.
305 1979 457 2021 superbe
492 1980 742 2021 increpabant]
777 1988 804 2011 5.
831 1979 862 2018 2,

166 2025 223 2066 45,
242 2025 273 2059 6.

218 2072 269 2104 15.
284 2070 514 2110 advocantes]
533 2080 559 2103 5.
573 2071 710 2112 7,36,9.
722 2089 764 2094 -
781 2081 864 2103 con-

167 2117 291 2150 silium
322 2141 330 2150 .
346 2141 354 2150 .
382 2117 548 2157 consilio]
582 2116 781 2160 Wortspiel.
820 2136 863 2141 —

165 2164 405 2205 praetorium]
423 2162 480 2204 ist,
500 2161 542 2196 da
568 2163 587 2206 ξ
609 2163 649 2197 12
672 2165 862 2205 praetoria

168 2212 292 2252 gesagt.
315 2209 362 2242 ist
387 2213 428 2249 (5.
454 2209 496 2251 8,
523 2211 584 2249 11,
612 2211 661 2251 7),
699 2208 760 2242 das
787 2209 864 2242 eine

168 2253 193 2287 F
196 2254 438 2295 eldherrnzelt,
464 2255 498 2288 in
519 2254 687 2289 welchem
705 2255 760 2288 die
780 2254 864 2288 Ver-

168 2300 364 2345 sammlung
388 2299 449 2334 der
470 2299 631 2335 Offiziere
656 2300 862 2335 stattfindet.

213 2355 255 2394 3.
284 2361 314 2392 1.
336 2369 404 2402 per
420 2359 550 2400 obices]
571 2369 648 2393 vor·
667 2358 750 2392 oder
764 2357 864 2392 ruck-

169 2403 292 2444 warin
324 2404 430 2438 daher
455 2403 514 2438 der
541 2404 668 2439 Plural.
698 2423 746 2430 —
768 2405 863 2447 per*

169 2449 322 2483 adversa
341 2452 532 2492 montium]
556 2450 629 2484 hier
654 2468 696 2480 =
714 2462 782 2494 per
802 2451 864 2483 ad-

171 2505 290 2528 versos
309 2499 465 2536 montes;
491 2506 519 2530 S.
534 2498 590 2537 35,
605 2499 635 2530 7.
656 2516 698 2521 —
724 2495 808 2540 qua]
836 2506 862 2529 5.

172 2541 204 2582 2,
219 2542 249 2574 5.
265 2541 305 2580 8;
331 2541 403 2575 hier
420 2558 464 2570 =
483 2552 718 2585 quacumque.

218 2587 250 2620 2.
283 2587 401 2628 modo]
423 2605 467 2618 =
485 2588 688 2621 dummodo.
723 2608 765 2612 —
800 2590 865 2620 tri-

928 1516 1050 1559 ginta]
1072 1515 1284 1548 rhetorische
1304 1505 1568 1556 llbertreibung,
1587 1513 1629 1546 da

932 1562 986 1595 die
1015 1561 1137 1604 Kriege
1166 1571 1228 1593 nur
1256 1562 1442 1594 411—413
1469 1559 1536 1593 und
1562 1561 1630 1594 428

934 1608 985 1641 bis
1004 1610 1069 1641 4:53
1088 1607 1254 1650 gedauert
1274 1607 1402 1643 haben:
1419 1616 1455 1639 es
1472 1606 1515 1639 ist
1534 1606 1631 1640 mehr

933 1665 973 1687 an
995 1654 1048 1687 die
1068 1654 1168 1695 lange
1189 1652 1297 1686 Dauer
1320 1652 1378 1685 der
1401 1651 1546 1696 Kampse
1569 1653 1630 1685 mit

933 1700 998 1733 den
1015 1700 1190 1733 Samniten
1207 1698 1401 1742 uberhaupt
1415 1698 1629 1741 gedacht.—

934 1748 1123 1787 vincimus]
1151 1744 1319 1788 siegreich
1341 1744 1569 1789 bekampfem
1602 1754 1630 1778 5.

933 1791 1014 1826 Tac
1030 1792 1142 1826 Germ.
1162 1793 1224 1825 37:
1256 1794 1328 1824 tam
1348 1791 1412 1824 diu
1435 1792 1629 1824 Germania

935 1842 1105 1871 vinci-‚tm
1132 1857 1176 1861 —
1202 1848 1317 1881 aequa
1345 1840 1379 1869 et
1401 1837 1525 1880 plana]
1560 1837 1629 1880 vgl.

934 1885 1015 1918 Sall.
1036 1885 1106 1927 lug.
1121 1886 1195 1920 114
1212 1885 1249 1917 2·
1245 1884 1343 1916 ,“αΙια
1363 1894 1483 1916 omma
1503 1885 1632 1916 tit-luti

932 1942 1019 1964 suae
1031 1942 1075 1974 pt
1080 1942 1149 1963 ona
1161 1942 1244 1963 esse.
1261 1930 1544 1972 —perfidum]8.
1560 1932 1586 1969 1,
1599 1930 1630 1964 3.

935 1998 978 2002 —
1013 1979 1208 2020 pugnanet]
1246 1992 1290 2004 =
1327 1988 1355 2008 st
1395 1978 1428 2008 ei
1463 1986 1630 2019 pugnare

936 2024 1067 2056 licebit.

983 2083 1013 2114 3.
1041 2092 1111 2124 quo
1138 2083 1202 2113 aut
1228 2091 1297 2123 qna
1319 2082 1478 2121 eamus?]
1506 2079 1565 2113 der
1589 2090 1631 2113 zu

937 2138 977 2161 zu
1006 2129 1035 2166 2,
1063 2130 1081 2162 5
1109 2127 1286 2160 erwahnte
1306 2127 1470 2170 Ausgang
1496 2127 1541 2159 ist
1560 2126 1630 2159 Liv.

938 2173 1139 2207 unbekannt
1153 2173 1235 2206 oder
1256 2173 1398 2213 besem,
1425 2173 1478 2205 ein
1499 2172 1630 2213 dritter‚

937 2221 990 2254 ein
1022 2219 1183 2262 fussweg
1208 2220 1241 2252 in
1268 2218 1329 2252 das
1348 2217 1435 2252 Thal
1462 2217 1522 2251 des
1545 2217 1630 2251 Sab-

936 2266 1028 2308 bato‚
1050 2276 1119 2299 war
1138 2265 1231 2299 wohl
1244 2265 1320 2298 dem
1336 2264 1443 2297 Heere
1461 2263 1555 2296 nicht
1573 2274 1630 2296 zu·-

936 2312 1115 2355 g'anglich;
1143 2322 1220 2344 man
1248 2311 1350 2344 sollte
1378 2310 1483 2342 daher
1504 2309 1630 2342 keinen

939 2357 1089 2391 Versuch
1109 2358 1168 2390 der
1184 2356 1532 2398 Eingescfflossenen,
1555 2354 1630 2388 sich

935 2403 1265 2445 durchzuschlagen,
1292 2405 1473 2437 erwarten.
1498 2400 1587 2434 doch
1602 2410 1630 2435 s.

936 2452 967 2488 4,
995 2451 1031 2486 2;
1061 2449 1127 2492 vgl.
1157 2451 1186 2487 7,
1211 2449 1266 2488 34,
1293 2450 1322 2481 7.
1376 2446 1441 2480 Der
1468 2445 1630 2481 Wechsel

936 2505 1056 2527 eamus
1072 2520 1079 2527 .
1096 2521 1102 2529 .
1119 2504 1295 2538 paramus
1314 2519 1321 2527 .
1337 2518 1344 2527 .
1369 2495 1493 2526 venias
1518 2494 1563 2527 ist
1588 2503 1629 2526 zu

937 2541 1116 2574 beachten.
1145 2560 1184 2564 —
1211 2540 1292 2572 sede
1313 2542 1392 2581 sna]
1412 2549 1479 2573 von
1495 2564 1502 2573 .
1519 2567 1526 2574 .
1542 2549 1630 2582 weg,

937 2587 1025 2620 ohne
1041 2598 1078 2625 ας
1105 2595 1131 2619 5.
1149 2588 1179 2627 5,
1196 2587 1251 2628 22,
1270 2587 1306 2626 6;
1324 2586 1394 2628 vgl.
1417 2588 1446 2627 1,
1466 2587 1519 2627 31,
1537 2587 1567 2619 2.
1586 2605 1630 2610 -

1661 1208 1679 1240 2

1661 1382 1679 1414 3
