1779 2828
57 71 63 74 ’
115 101 142 122 a.
162 93 229 122 chr.
250 102 279 122 n.
299 94 361 123 349.
641 81 769 117 LIBER
794 82 863 117 vn.
912 82 1007 117 cAP.
1034 85 1088 118 26.
1495 83 1574 123 157

115 200 226 240 caelo
247 200 412 241 missum
433 199 561 239 laetus
582 199 734 251 accepit
756 199 958 248 tribunus,
980 206 1167 252 precatus
1189 201 1353 242 deinde:
1388 202 1420 242 si
1450 202 1576 249 divus,

115 258 146 299 si
164 258 251 298 diva
266 263 383 306 esset,
407 256 474 309 qui
491 256 566 296 sibi
584 262 815 310 praepetem
832 257 1016 305 misisset,
1034 257 1172 297 volens
1190 260 1390 311 propitius
1409 260 1576 301 adesset.

114 315 224 355 dictu
244 315 445 355 mirabile!
476 314 604 354 tenuit
637 327 719 354 non
744 314 875 355 solum
896 315 976 355 ales
999 322 1154 367 captam
1178 316 1302 356 semel
1323 317 1477 365 sedem,
1511 318 1579 358 sed
1611 324 1628 355 5

114 373 478 425 quotienscumque
494 378 694 412 certamen
718 372 862 412 initum
886 378 956 421 est,
978 372 1113 413 levans
1135 386 1177 414 se
1200 374 1270 414 alis
1292 388 1337 414 os
1359 375 1577 427 oculosque

113 431 239 472 hostis
268 435 400 470 rostro
424 436 463 469 et
482 429 688 482 unguibus
717 430 887 482 adpetit,
920 431 1050 471 donec
1080 431 1266 471 territum
1299 432 1471 485 prodigii
1493 433 1579 473 talis

112 488 198 529 visu
220 487 425 540 oculisque
447 487 565 527 simul
587 500 631 527 ac
654 494 788 528 mente
805 487 1010 528 turbatum
1027 488 1208 529 Valerius
1230 489 1465 539 obtruncat;
1488 502 1578 530 cor-

98 554 184 586 ‘vus
205 558 253 585 ex
274 551 494 598 conspectu
517 545 643 586 elatus
666 546 861 586 orientem
883 546 995 599 petit.
1036 547 1232 587 hactenus
1258 548 1415 599 quietae
1440 549 1581 588 utrim-
1612 555 1632 587 6

114 615 192 656 que
221 603 414 643 stationes
443 604 579 653 fuere3
609 610 820 656 postquam
852 604 1023 657 spoliare
1057 617 1205 657 corpus
1236 606 1339 645 caesi
1361 606 1486 646 hostis
1508 606 1578 645 tri-

112 660 249 701 bunus
285 661 437 713 coepit,
478 673 553 701 nec
586 661 685 701 Galli
714 674 756 702 se
787 662 958 702 statione
988 668 1207 702 tenuerunt
1238 669 1275 702 et
1304 663 1580 703 Romanorum

115 731 258 759 cursus
274 719 321 758 ad
335 719 527 758 victorem
545 719 663 758 etiam
682 719 793 759 ocior
809 719 896 759 suit.
934 719 987 758 ibi
1006 720 1111 759 circa
1129 720 1296 760 iacentis
1315 720 1414 760 Galli
1433 734 1580 774 corpus

115 782 322 816 contracto
345 777 567 816 certamine
583 789 720 829 pugna
743 783 855 817 atrox
879 777 1117 817 concitatur.
1161 778 1236 817 iam
1261 791 1344 817 non
1368 779 1581 832 manipulis
1614 786 1630 817 τ

116 834 391 887 proximarum
407 834 623 874 stationum
642 834 711 875 sed
729 834 956 887 legionibus
972 835 1175 887 utrimque
1193 836 1328 875 effusis
1339 849 1403 876 res
1413 837 1579 888 geritur.

116 891 304 932 Camillus
331 891 480 931 laetum
508 892 674 932 militem
705 892 870 932 victoria
900 892 1074 940 tribuni,
1107 893 1256 933 laetum
1286 900 1367 933 tam
1389 907 1580 947 praesen-

114 949 224 990 tibus
246 962 291 989 ac
313 949 501 989 secundis
523 949 582 990 dis
614 950 671 989 ire
704 950 744 989 in
776 950 974 1003 proelium
1004 950 1135 1000 iubet;
1169 958 1458 1004 ostentansque
1483 953 1582 992 insi-

114 1019 236 1059 gnem
257 1007 395 1059 spoliis
416 1006 626 1046 tribunum
643 1003 771 1047 ‘hunc
794 1008 962 1056 imitare,
987 1003 1136 1056 miles'‚
1159 1009 1289 1048 aiebat
1309 1007 1366 1049 ‘et
1398 1010 1504 1050 circa
1525 1010 1581 1049 ia-

115 1071 275 1105 centem
304 1065 448 1104 ducem
483 1071 620 1105 sterne
658 1064 863 1105 Gallorum
900 1062 1104 1106 catervas'.
1161 1066 1198 1105 di
1231 1067 1496 1119 hominesque
1528 1067 1584 1107 illi
1614 1073 1632 1106 8

116 1123 278 1163 adfuere
308 1134 481 1175 pugnae,
504 1123 859 1175 depugnatumque
880 1123 1192 1175 haudquaquam
1213 1126 1432 1164 certamine
1455 1124 1582 1165 ambi-

116 1193 195 1233 guo
218 1192 310 1220 cum
333 1179 453 1220 Gallis
475 1186 554 1229 est;
585 1181 683 1220 adeo
712 1180 883 1221 duorum
905 1182 1075 1221 militum
1105 1188 1313 1229 eventum,
1345 1183 1450 1222 inter
1482 1196 1582 1235 quos

119 1244 340 1291 pugnatum
367 1244 464 1286 erat,
488 1244 657 1290 utraque
680 1238 784 1278 acies
806 1239 949 1279 animis
971 1246 1243 1291 praeceperat.
1287 1240 1393 1280 inter
1415 1241 1582 1292 primos,
1614 1246 1633 1278 9

40 1343 47 1349 ¹
118 1308 289 1348 quorum
307 1307 531 1336 concursus
549 1296 646 1336 alios
663 1296 874 1345 exciverat,
899 1303 1011 1336 atrox
1027 1297 1223 1349 proelium
1240 1297 1334 1345 suit;
1357 1298 1430 1337 alia
1448 1298 1582 1337 multi-

116 1354 226 1402 tudo,
255 1353 490 1405 priusquam
523 1353 569 1393 ad
600 1354 829 1394 coniectum
851 1354 919 1394 teli
942 1354 1108 1402 veniret,
1139 1362 1249 1407 terga
1280 1356 1410 1395 vertit.
1452 1356 1582 1408 primo

117 1423 190 1464 per
211 1410 695 1464 Volscostalernumque
717 1424 857 1464 agrum
879 1412 1056 1465 dissipati
1078 1418 1194 1462 sunt;
1217 1413 1309 1452 inde
1333 1413 1517 1465 Apuliam
1539 1426 1582 1453 ac

119 1511 181 1545 auf
205 1511 261 1545 die
285 1511 415 1547 letzten
441 1512 581 1547 Worte:
613 1516 652 1546 in
679 1515 814 1547 hostem

116 1568 252 1591 versus.
277 1577 322 1582 -—
346 1561 379 1591 si
403 1559 509 1592 divus
530 1586 538 1593 .
554 1561 573 1601 .]
600 1569 662 1593 aus
677 1559 815 1601 Furcht,

118 1604 215 1637 nicht
230 1603 286 1638 die
303 1604 420 1638 rechte
439 1604 597 1639 Gottheit
615 1605 814 1647 anzumsen,

119 1649 208 1683 wird
234 1649 293 1683 der
309 1650 493 1684 Ausdruck
511 1651 736 1685 unbestimmt
759 1662 817 1695 ge-

886 1513 946 1547 der
967 1513 1087 1547 Gotter
1104 1513 1173 1547 und
1193 1513 1300 1547 damit
1327 1514 1484 1556 zugleich
1510 1514 1583 1548 ihre

886 1559 1089 1593 Teilnahme
1108 1560 1177 1593 und
1195 1559 1460 1599 Wirksamkeit;
1481 1570 1508 1594 S.
1530 1563 1583 1603 10,

887 1608 944 1685 {t}
970 1607 1023 1686 {33
1052 1607 1106 1648 29,
1135 1608 1187 1648 18,
1216 1608 1244 1639 Τ.
1271 1626 1315 1630 —
1341 1607 1472 1648 aiebat]
1499 1617 1525 1641 s.
1554 1609 1583 1647 1,

118 1695 254 1735 halten;
280 1705 308 1729 s.
327 1697 358 1737 6,
379 1698 432 1740 16,
451 1698 488 1736 2;
516 1698 570 1739 29,
590 1698 644 1739 27,
663 1699 702 1736 2;
728 1697 816 1731 Gell.

120 1743 153 1784 2,
172 1743 233 1784 28,
254 1742 274 1775 3
289 1751 323 1776 u.
350 1752 378 1775 a.
398 1761 442 1766 -—
464 1744 498 1775 si
520 1768 528 1776 .
545 1768 552 1777 .
571 1745 617 1784 si]
639 1743 817 1776 altertsim-

119 1788 201 1829 lich‚
217 1788 334 1831 spater
350 1790 424 1821 sive
444 1816 451 1822 .
466 1814 474 1822 .
493 1791 583 1828 sive;
604 1789 673 1831 vgl.
689 1789 764 1822 CIL.
786 1792 816 1830 1,

119 1845 153 1867 n.
181 1834 267 1873 632;
307 1833 394 1867 Acta
423 1834 462 1868 fr.
487 1835 568 1868 Arv.
594 1844 752 1868 CLxxxm
780 1838 816 1873 1;

120 1889 220 1913 ccxiv
246 1881 285 1919 93
317 1880 388 1923 vgl.
420 1880 493 1915 Litt.
531 1883 591 1923 22,
622 1883 680 1924 10,
707 1882 738 1915 6.
773 1901 815 1905 -

117 1928 338 1970 praepetem]
349 1926 420 1970 vgl.
430 1926 518 1961 Gell.
530 1929 560 1969 7,
576 1928 607 1969 6,
617 1929 652 1962 3:
663 1938 816 1970 praepe-

121 1974 172 2005 tes
191 1982 273 2005 aves
286 1973 330 2005 ab
349 1974 554 2015 auguribus
572 1971 816 2017 appellantur,

122 2028 214 2061 quae
254 2021 320 2050 aut
355 2022 556 2062 opportune
586 2020 816 2062 praevolant,

121 2067 187 2097 aut
205 2064 362 2098 'idoneas
385 2065 484 2098 sedes
511 2067 674 2109 capiunt.

168 2111 200 2143 5.
227 2110 328 2143 dictu
352 2110 532 2153 mirabile]
558 2121 585 2145 s.
617 2113 649 2153 9,
681 2113 736 2153 41,
764 2113 818 2146 18.

121 2174 168 2179 -
193 2156 346 2200 adpetit]
372 2167 399 2190 s.
426 2156 541 2197 Quint.
569 2158 600 2199 2,
633 2159 665 2200 4,
695 2159 754 2193 18:
783 2169 819 2190 os

124 2202 317 2246 oculosque
334 2227 342 2236 .
359 2229 367 2238 .
385 2204 630 2242 everberaret;
656 2203 727 2247 vgl.
746 2204 818 2239 Liv.

125 2248 158 2288 6,
186 2250 240 2290 17,
266 2249 297 2282 8.
323 2268 367 2272 —
393 2250 581 2291 orientem]
607 2259 634 2283 s.
664 2251 693 2291 1,
714 2251 768 2291 18,
787 2252 818 2283 7.

173 2294 204 2327 6.
222 2295 408 2336 hactenus]
426 2295 470 2329 ist
489 2295 585 2329 nicht
602 2295 739 2329 einfach
758 2295 818 2329 das

125 2337 374 2382 Zeitmoment,
414 2341 469 2375 bis
511 2351 552 2375 zu
595 2340 672 2375 dem
711 2346 821 2375 etwas

126 2383 267 2429 «lauert,
300 2387 449 2420 sondern
482 2387 642 2430 zugleich
674 2387 729 2421 die
754 2389 823 2421 An-

126 2430 282 2475 deutung
306 2432 401 2466 einer
419 2442 531 2467 neuen
550 2433 657 2467 Reihe
674 2444 745 2467 von
763 2433 823 2467 Er-

59 2509 63 2511 ,
127 2476 374 2521 scheinungen.
401 2498 443 2503 —
472 2481 584 2521 ocior]
603 2478 823 2513 dichterisch.

174 2524 206 2556 7.
230 2524 441 2569 manipulis]
468 2535 496 2560 s.
521 2526 576 2566 24,
594 2528 625 2558 7.
651 2545 695 2550 —
715 2536 825 2568 prae-

126 2569 297 2610 sentibus]
321 2570 525 2604 bezeichnet
542 2570 598 2604 die
615 2571 824 2614 Gegenwart

937 1699 966 1731 8.
1001 1697 1102 1738 adeo]
1135 1697 1324 1740 gleichsam
1358 1699 1411 1732 ein
1446 1699 1584 1740 Ausmf,

889 1743 959 1786 der·
975 1743 1029 1776 die
1049 1743 1280 1786 Schilderung
1297 1744 1524 1786 unterbricht,
1542 1744 1585 1778 da

890 1792 985 1822 inter
1008 1791 1146 1832 primos
1164 1815 1171 1823 .
1199 1815 1206 1823 .
1233 1790 1264 1833 (ξ
1285 1792 1318 1833 9)
1337 1791 1413 1823 eine
1433 1791 1585 1833 weitere,

889 1846 931 1868 zu
958 1835 979 1879 ξ
1009 1838 1026 1868 ἵ
1055 1836 1148 1869 nicht
1186 1846 1271 1878 ganz
1307 1836 1477 1880 passende
1504 1837 1585 1870 Ent-

889 1881 1092 1924 wickelung
1106 1892 1172 1915 von
1190 1882 1474 1926 haudquaquam
1486 1908 1511 1916 ..
1528 1884 1584 1918 ist.

888 1946 931 1951 —
953 1930 1203 1971 praeceperat]
1230 1927 1313 1961 kurz
1349 1933 1447 1962 statt:
1480 1940 1586 1972 prae-

889 1976 1034 2017 ceperat
1082 1985 1161 2006 eum
1205 1985 1356 2017 pugnae
1395 1977 1586 2008 universae

890 2023 1064 2062 eventum,
1083 2022 1146 2063 qui
1159 2020 1314 2053 duorum
1334 2021 1490 2054 militum
1507 2020 1588 2061 fue—

890 2068 962 2106 rat,
987 2066 1070 2099 oder
1088 2069 1251 2099 eventum
1268 2067 1422 2100 similem
1444 2069 1588 2100 eventui

891 2112 1047 2145 duorum
1071 2112 1245 2150 militum:
1281 2113 1351 2156 vgl.
1380 2117 1410 2154 5,
1445 2116 1500 2156 27,
1529 2116 1586 2151 1ος

891 2160 923 2199 9,
950 2161 982 2199 5,
1010 2161 1068 2197 11;
1097 2161 1150 2199 10,
1178 2160 1232 2200 26,
1259 2160 1291 2192 4.

938 2205 969 2238 9.
993 2205 1170 2247 primos]*
1194 2224 1237 2228 —
1264 2205 1351 2245 alia]
1378 2215 1404 2237 s.
1435 2207 1463 2243 1,
1491 2207 1522 2243 ἵ,
1549 2205 1585 2242 3;

892 2249 1014 2283 anders
1040 2251 1166 2284 voi-her
1199 2251 1300 2284 alios.
1333 2269 1378 2274 —
1411 2250 1484 2290 teli]
1512 2249 1588 2283 kol-

891 2295 1019 2335 lektiv;
1048 2298 1229 2329 coniectus
1255 2297 1331 2329 teli:
1367 2295 1437 2338 vgl.
1463 2306 1505 2328 zu
1532 2296 1586 2336 26,

893 2344 949 2383 40,
977 2344 1038 2380 10;
1064 2341 1236 2375 abstrakt:
1265 2341 1326 2374 aus
1342 2340 1586 2383 Schussweite,

894 2387 984 2421 ohne
1010 2387 1199 2420 Rficksicht
1233 2386 1293 2420 aus
1323 2386 1384 2420 das
1409 2387 1587 2421 Eintreten

894 2433 955 2466 des
972 2433 1178 2466 Abwersens
1205 2432 1274 2465 und
1293 2431 1359 2465 den
1376 2431 1506 2476 Ersolg,
1527 2433 1587 2467 der

894 2478 1001 2511 durch
1016 2478 1169 2511 telorum
1184 2478 1387 2512 bezeichnet
1403 2478 1530 2513 wsirde.
1543 2498 1584 2503 —

894 2524 1177 2566 Falernumque]
1216 2534 1242 2557 S.
1275 2525 1313 2566 8,
1355 2527 1415 2568 11,
1455 2526 1507 2560 13.
1542 2545 1587 2549 —

894 2570 1078 2612 Apuliam]
1105 2580 1131 2603 s.
1151 2571 1182 2612 6,
1200 2571 1256 2612 42,
1270 2572 1301 2604 8.
1320 2590 1362 2595 —
1380 2571 1588 2615 superumJ*
