1779 2828
627 91 754 126 LIBER
778 90 863 126 vm.
913 91 1008 125 GAP.
1036 95 1065 125 ἵ.
1503 92 1585 131 209

120 109 148 130 a.
168 102 237 130 Chr.
259 111 288 131 n.
308 103 370 131 340.

120 220 261 249 versos
287 210 494 249 concitant
526 220 672 259 equos3
707 214 745 247 et
777 220 869 247 cum
903 207 1058 248 infestis
1090 208 1323 260 cuspidibus
1356 211 1586 252 concurris-

121 272 223 315 sent,
239 267 361 306 Manli
384 266 517 318 cuspis
539 277 662 317 super
678 265 830 317 galeam
851 265 991 312 hostis,
1010 265 1133 304 Maeci
1151 272 1262 305 trans
1280 268 1474 307 cervicem
1493 270 1587 321 equi

121 324 252 376 elapsa
275 331 347 364 est.
408 323 659 363 circumactis
690 323 833 362 deinde
867 323 980 374 equis
1012 335 1105 362 cum
1135 323 1248 375 prior
1279 325 1324 363 ad
1358 325 1585 366 iterandum

119 381 244 422 ictum
260 381 428 421 Manlius
446 381 776 428 consurrexisset,
795 380 994 432 spiculum
1017 380 1124 420 inter
1145 393 1261 421 aures
1284 383 1375 433 equi
1398 383 1494 422 fixit.
1537 384 1586 423 ad

119 439 234 480 cuius
254 439 429 478 vulneris
451 451 615 479 sensum
637 450 727 477 cum
751 451 879 490 equus
909 438 1113 490 prioribus
1135 439 1306 490 pedibus
1328 441 1473 480 erectis
1504 453 1586 480 ma-

120 509 200 549 gna
220 496 253 536 vi
277 502 396 548 caput
418 502 611 548 quateret,
636 497 809 536 excussit
832 497 1020 548 equitem,
1045 509 1162 548 quem
1182 497 1346 548 cuspide
1368 511 1587 550 parmaque

121 554 306 594 innixum
339 554 585 594 attollentem
608 567 650 594 se
672 554 719 593 ab
752 554 859 607 gravi
892 566 985 594 casu
1008 553 1179 594 Manlius
1211 553 1259 593 ab
1292 555 1442 607 iugulo,
1470 556 1520 595 ita
1544 564 1587 596 ut

120 624 192 666 per
222 618 352 652 costas
379 612 529 651 ferrum
563 612 770 659 emineret,
802 619 932 652 terrae
965 612 1122 661 adfixit;
1154 612 1372 664 spoliisque
1395 613 1507 654 lectis
1539 614 1587 654 ad

121 682 215 710 suos
237 676 420 710 revectus
443 682 533 709 cum
558 676 699 709 ovante
731 670 874 722 gaudio
908 677 1038 709 turma
1068 670 1108 709 in
1133 676 1260 709 castra
1283 677 1401 722 atque
1424 672 1516 711 inde
1539 673 1586 712 ad

116 727 366 780 praetorium
382 729 429 768 ad
447 734 600 780 patrem
619 728 759 775 tendit,
778 729 942 780 ignarus
960 728 1027 767 fati
1046 728 1263 779 futurique,
1286 728 1370 768 laus
1387 741 1435 768 an
1456 742 1586 781 poena

116 785 257 825 merita
280 792 397 825 esset.
435 781 498 825 ‘ut
520 798 582 825 me
606 781 762 826 omnes'
798 786 941 838 inquit,
971 781 1113 838 ‘pater,
1137 792 1206 825 tuo
1233 786 1430 837 sanguine
1453 794 1585 827 ortum

116 855 209 882 vere
240 843 406 887 ferrent,
438 850 680 896 provocatus
711 843 910 895 equestria
954 844 1048 883 haec
1082 844 1206 895 spolia
1239 850 1353 895 capta
1387 857 1433 883 ex
1471 845 1584 884 hoste

117 913 233 941 caeso
265 898 408 952 porto?
463 902 569 953 quod
602 901 671 940 ubi
694 902 839 940 audivit
862 901 1016 947 consul,
1050 901 1249 953 extemplo
1283 901 1406 941 tilium
1429 914 1584 942 aversa-

115 965 180 998 tus
211 959 446 998 contionem
479 959 642 998 classico
665 959 846 998 advocari
879 959 1003 998 iussit.
1048 971 1148 1010 quae
1180 958 1249 998 ubi
1272 960 1464 1010 frequens
1487 973 1585 999 con-

114 1015 235 1063 venit,
254 1010 533 1068 ‘quandoque'
561 1017 691 1068 inquit
712 1012 786 1063 ‘tu,
810 1017 854 1056 T.
878 1016 1010 1060 Manli,
1036 1029 1167 1068 neque
1200 1017 1411 1068 imperium
1437 1030 1584 1058 consu-

116 1073 197 1113 lare
220 1086 353 1126 neque
375 1073 619 1114 maiestatem
642 1074 808 1127 patriam
826 1075 974 1114 veritus
991 1074 1181 1113 adversus
1204 1075 1375 1114 edictum
1401 1082 1582 1115 nostrum

116 1137 226 1170 extra
245 1132 429 1171 ordinem
451 1132 490 1171 in
516 1133 669 1172 hostem
689 1132 876 1184 pugnasti
895 1139 946 1177 et,
965 1139 1160 1183 quantum
1183 1132 1222 1171 in
1246 1139 1285 1171 te
1304 1133 1388 1175 suit,
1408 1133 1586 1185 discipli-

117 1201 210 1228 nam
240 1189 474 1237 militarem,
508 1202 585 1242 qua
617 1191 726 1229 stetit
756 1189 802 1229 ad
835 1189 938 1229 hanc
971 1190 1075 1229 diem
1109 1190 1286 1229 Romana
1325 1202 1402 1233 res,
1435 1190 1583 1231 solvisti

114 1259 261 1299 meque
292 1247 332 1286 in
367 1259 452 1286 eam
486 1248 764 1287 necessitatem
787 1247 996 1293 adduxisti,
1028 1254 1070 1286 ut
1102 1254 1168 1286 aut
1191 1247 1249 1286 rei
1280 1247 1464 1299 publicae
1486 1249 1583 1288 mihi

115 1310 183 1343 aut
203 1305 280 1344 mei
303 1317 568 1357 meorumque
592 1305 908 1345 obliviscendum
930 1306 992 1351 sit,
1016 1318 1090 1344 nos
1113 1305 1246 1356 potius
1278 1313 1418 1345 nostro
1441 1306 1584 1345 delicto

115 1361 350 1414 plectemur,
383 1375 501 1414 quam
535 1375 600 1402 res
632 1363 791 1415 publica
822 1369 934 1402 tanto
966 1375 1039 1402 suo
1072 1363 1217 1402 damno
1252 1370 1388 1402 nostra
1421 1373 1583 1415 peccata

115 1419 210 1460 luat.
248 1420 361 1460 triste
380 1421 620 1473 exemplum,
643 1420 710 1460 sed
730 1421 770 1460 in
794 1427 1002 1473 posterum
1024 1420 1181 1460 salubre
1204 1420 1397 1460 iuventuti
1421 1422 1582 1461 erimus.

115 1489 179 1517 me
211 1478 373 1530 quidem
404 1490 495 1517 cum
530 1478 708 1530 ingenita
741 1479 884 1518 caritas
914 1478 1086 1517 liberum
1124 1485 1208 1517 tum
1240 1479 1445 1529 specimen
1480 1479 1583 1518 istud

115 1535 272 1576 virtutis
294 1535 506 1588 deceptum
529 1549 627 1575 vana
651 1536 823 1587 imagine
842 1536 998 1575 decoris
1016 1535 1056 1574 in
1081 1542 1118 1574 te
1137 1542 1289 1581 mox-eu
1314 1537 1379 1575 sed
1404 1548 1495 1575 cum
1519 1542 1585 1575 aut

114 1660 169 1699 32,
195 1662 227 1693 7.
254 1679 298 1683 —-
324 1660 545 1702 cuspidibus]
573 1660 691 1702 lange,
723 1661 813 1694 oben

112 1704 183 1738 und
209 1709 316 1739 unten
342 1706 404 1738 mit
421 1706 573 1740 eiserner
596 1705 713 1748 Spitze
739 1717 815 1739 ver-

112 1751 241 1784 sehene
277 1751 428 1791 Lanzem
460 1751 530 1794 vgl.
557 1753 578 1796 ξ
607 1754 666 1786 10:
697 1754 815 1795 spieu-

113 1797 207 1834 lum;
227 1798 259 1837 4,
281 1799 334 1838 19,
354 1799 384 1831 5.
405 1817 445 1821 —
466 1799 652 1840 cervicem]
667 1808 694 1831 s.
714 1798 734 1841 ξ
753 1799 813 1835 21;

114 1844 169 1885 22,
187 1845 243 1885 51,
262 1845 298 1882 ’ῖς
325 1853 365 1877 so
392 1843 500 1877 sehon
524 1843 728 1877 Hortensius
747 1843 815 1877 und

114 1888 169 1923 die
203 1888 365 1931 Dichter,
399 1890 563 1923 wahrend
596 1890 714 1923 Cicero
749 1889 814 1923 den

113 1934 231 1968 Plural
270 1935 477 1978 gebraucht;
520 1946 546 1969 s.
573 1947 616 1969 zu
642 1938 674 1978 4,
703 1936 756 1978 12,
782 1937 814 1969 6.

115 2001 157 2005 -
183 1982 320 2025 elapsa]
345 1982 415 2024 vgl.
443 1983 475 2019 3,
502 1984 556 2023 37,
585 1983 616 2015 2.

163 2029 216 2062 10.
244 2029 488 2069 circumactis]
515 2038 542 2062 s.
563 2030 618 2070 10,
640 2030 693 2067 11,
714 2031 744 2062 1.
771 2047 813 2052 —-

115 2074 287 2114 excussit]
311 2073 380 2116 vgl.
399 2073 481 2108 Tac.
500 2075 587 2107 Ann.
618 2076 648 2113 1,
667 2075 726 2107 65:
754 2085 816 2106 ea:-

115 2121 226 2151 eussz's
248 2121 467 2159 rectoribus;
502 2124 600 2153 sonst
625 2121 736 2160 deici,
763 2119 815 2159 es*—

112 2163 233 2204 fundi.
457 2184 462 2189 ·

163 2212 217 2245 11.
251 2213 464 2254 parmaque]
501 2221 528 2246 s,
561 2213 593 2251 4,
620 2213 675 2253 39,
704 2214 733 2245 1.
768 2231 813 2236 —

115 2256 347 2299 attollentem]
376 2257 544 2295 Conatus;
579 2267 607 2290 s.
632 2259 664 2297 4,
693 2259 746 2297 19,
774 2260 811 2297 5;

115 2303 146 2344 6,
159 2303 259 2343 17,2;
277 2305 394 2344 10,19,
406 2305 440 2341 1;
456 2305 511 2344 25,
527 2304 582 2344 22,
595 2305 631 2342 9;
646 2305 701 2342 44,
716 2305 811 2345 3Ο,4.

162 2349 216 2382 12.
250 2351 359 2391 atque
389 2349 485 2389 inde]
519 2349 588 2382 und
620 2349 740 2383 sofort.
768 2369 810 2373 —

115 2394 164 2426 ad
184 2418 193 2427 .
215 2418 224 2426 .
246 2394 308 2436 ad]
332 2394 403 2437 vgl.
431 2397 462 2435 ἵ,
488 2396 544 2435 36,
570 2397 602 2428 7.
627 2415 670 2419 -
697 2394 810 2436 fati*]

115 2439 186 2482 vgl.
204 2438 306 2482 Vei-g.
326 2441 410 2474 Aen.
430 2443 483 2483 10,
503 2442 580 2475 501.
599 2460 644 2465 -
668 2441 811 2483 merita]

116 2495 143 2518 s.
170 2486 234 2526 26.
251 2485 305 2525 33,
332 2487 363 2519 2.

163 2532 217 2565 13.
236 2528 392 2572 ferrent]
414 2541 440 2564 s.
456 2534 488 2573 7,
507 2534 537 2573 1,
555 2534 615 2575 103
637 2531 698 2565 der
711 2531 812 2573 Konj.

116 2576 214 2620 Impl‘.
240 2576 286 2609 ist
311 2576 485 2619 abhangig
502 2587 572 2611 von
598 2577 676 2611 dem
702 2577 814 2610 hinter

183 2637 215 2665 Τ.
239 2637 300 2664 Liv.
319 2636 372 2670 111,
396 2639 420 2665 1.
457 2639 485 2665 5.
507 2639 581 2667 Autl.

884 1663 1103 1701 provocatus
1121 1670 1160 1691 zu
1181 1658 1385 1692 denkenden
1402 1659 1582 1702 proelium

885 1708 972 1746 inii,
1009 1715 1080 1738 was
1107 1705 1140 1737 in
1175 1704 1234 1737 der
1261 1704 1370 1738 Kurze
1405 1705 1464 1738 der
1489 1704 1582 1739 Rede

886 1751 1108 1794 ausgelassen
1142 1750 1197 1783 ist.

934 1800 987 1831 14.
1023 1797 1141 1837 filium
1178 1796 1380 1839 aversatus]
1415 1806 1441 1829 s.
1475 1807 1516 1829 zu
1552 1798 1582 1838 3,

890 1845 941 1882 13,
957 1845 988 1877 9.
1007 1862 1051 1867 -
1068 1842 1234 1885 classico]
1254 1853 1280 1875 s.
1300 1845 1332 1883 7,
1348 1844 1402 1882 36,
1419 1844 1457 1881 9;
1477 1842 1582 1876 durch

887 1889 951 1922 den
980 1888 1187 1922 Hornblaser
1213 1891 1421 1928 (cornicen).

936 1938 988 1969 15.
1009 1935 1239 1977 quandoque]
1259 1934 1504 1975 altertfimlich,
1530 1934 1583 1967 ein

889 1981 1101 2014 verstiirktes
1128 1981 1274 2023 quando
1292 1996 1336 2007 =
1357 1975 1414 2013 ‘da
1443 1980 1487 2012 du
1513 1980 1584 2013 ein-

885 2021 981 2066 mal';
1009 2037 1036 2061 s.
1064 2029 1095 2066 9,
1124 2029 1177 2063 10,
1204 2028 1239 2064 9;
1274 2026 1341 2059 Cic.
1369 2026 1402 2059 in
1431 2025 1525 2060 Verr.
1552 2028 1583 2066 3,

888 2075 969 2111 187:
996 2073 1068 2115 vgl.
1085 2083 1125 2105 zu
1153 2073 1184 2113 3,
1203 2075 1258 2113 52,
1280 2075 1339 2108 1ος
1366 2072 1398 2105 in
1423 2071 1584 2105 auderem

888 2118 993 2152 Sinne
1022 2122 1051 2159 1,
1072 2120 1127 2159 31,
1147 2121 1177 2151 4.
1203 2138 1247 2141 —
1272 2120 1497 2151 maiestatem
1517 2129 1583 2161 pa-

887 2166 1008 2206 triam]
1035 2175 1062 2198 s.
1088 2166 1120 2204 4,
1146 2166 1200 2203 45,
1228 2166 1259 2198 8.

934 2212 986 2244 16.
1013 2221 1084 2253 qua
1109 2212 1219 2250 stetit]
1246 2220 1272 2242 s.
1298 2211 1332 2249 4,
1351 2211 1405 2247 40,
1425 2211 1463 2247 9;
1491 2209 1583 2242 Curt.

885 2258 915 2298 3,
931 2258 962 2298 2,
978 2258 1018 2290 15
1033 2270 1039 2289 z
1066 2256 1260 2298 disciplina
1281 2257 1500 2298 paupertate
1517 2257 1584 2286 ste-

884 2305 943 2341 tit;
971 2302 1040 2344 vgl.
1066 2302 1134 2334 Cic.
1154 2302 1195 2334 de
1213 2300 1271 2335 fin.
1294 2304 1322 2342 1,
1342 2302 1398 2334 35.
1424 2320 1466 2323 —
1485 2300 1584 2340 res]*

883 2369 927 2373 —
952 2348 1224 2390 meorumque]*

934 2396 987 2427 17.
1015 2395 1176 2433 triste..]
1204 2402 1230 2424 s.
1258 2393 1313 2430 24.
1341 2392 1371 2427 8,
1399 2393 1451 2425 20.

935 2441 986 2472 18.
1014 2439 1210 2479 deceptum]
1238 2437 1283 2469 ist
1319 2436 1379 2469 auf
1405 2439 1583 2480 specimen

886 2486 1040 2527 bezogen
1061 2483 1213 2523 worden,
1232 2483 1262 2515 d.
1280 2483 1310 2515 h.
1327 2493 1363 2515 es
1378 2483 1423 2516 ist
1438 2494 1504 2516 von
1524 2483 1583 2516 der

885 2529 976 2562 That
993 2534 1125 2571 gesagt,
1146 2539 1218 2561 was
1241 2528 1301 2561 der
1314 2527 1443 2562 Person
1467 2529 1583 2571 beige-

886 2576 958 2618 legt.
973 2575 1112 2608 werden
1130 2574 1249 2608 sollte:
1276 2574 1335 2607 der
1348 2573 1496 2617 Beweis,
1517 2575 1582 2608 den

1265 2632 1306 2665 14

1621 335 1657 367 10

1620 506 1655 539 11

1619 621 1656 654 12

1619 792 1655 824 13

1618 909 1655 941 14

1619 966 1654 998 15

1619 1140 1655 1172 16

1617 1312 1654 1344 17

1617 1484 1653 1516 13

1617 1542 1652 1574 19
