1731 2796
104 1014 138 1045 17

171 30 252 68 274

665 27 790 62 LIBER
813 27 896 62 VIII.
944 27 1038 61 GAP.
1065 28 1119 61 33.

1408 44 1434 65 a.
1455 44 1485 65 u.
1507 44 1532 64 c.
1552 38 1613 64 429.

167 147 297 199 primo
321 158 402 184 non
426 152 502 184 tam
526 151 739 196 perpetuae
762 143 960 183 orationes
987 155 1103 194 quam
1127 142 1327 182 altercatio
1349 141 1612 182 exaudieban-

99 213 134 245 11
165 211 250 251 tur;
283 203 375 242 vicit
405 202 547 241 deinde
576 201 786 253 strepitum
814 213 886 240 vox
918 206 956 240 et
977 200 1195 251 indignatio
1219 199 1314 239 Fabi
1346 199 1452 239 senis
1481 199 1612 238 incre-

99 270 134 302 12
166 260 296 313 pantis
318 259 546 311 superbiam
568 259 921 308 crudelitatemque
943 257 1095 309 Papiri:
1128 270 1169 297 se
1193 268 1353 308 quoque
1379 256 1610 296 dictatorem

168 318 316 357 Romae
338 317 470 365 fuisse,
503 329 576 356 nec
598 329 618 355 a
640 329 682 355 se
704 326 942 367 quemquam
956 346 964 362 ,
995 327 1046 354 ne
1068 314 1196 366 plebis
1217 314 1376 365 quidem
1398 313 1612 360 homiuem,

100 384 136 415 13
168 388 249 415 non
273 374 566 421 centurionem,
598 386 678 412 non
701 372 864 411 militem
886 371 1092 419 violatum3
1124 371 1325 423 Papirium
1346 377 1546 422 tamquam
1567 382 1614 409 ex

168 432 340 472 hostium
363 431 550 477 ducibus,
573 430 629 469 sic
652 442 698 469 ex
718 429 897 468 Romano
921 428 1159 480 imperatore
1188 428 1392 467 victoriam
1414 434 1452 467 et
1472 427 1614 467 trium-

168 490 291 541 phum
309 495 456 540 petere.
491 493 682 538 quantum
699 486 891 525 interesse
913 485 1018 525 inter
1034 485 1344 525 moderationem
1358 485 1612 536 antiquorum

101 554 137 586 14
168 553 206 586 et
228 558 367 585 novam
387 544 614 597 superbiam
632 543 1004 594 crudelitatemque!
1027 542 1258 582 dictatorem
1276 542 1505 588 Quinctium
1523 541 1615 581 Cin-

170 604 373 643 cinnatum
398 603 437 641 in
461 602 503 640 L.
526 601 740 640 Minucium
772 600 975 639 consulem
1008 613 1054 639 ex
1076 599 1284 639 obsidione
1312 611 1333 638 a
1362 611 1404 639 se
1434 605 1615 650 ereptum

170 673 252 699 non
274 660 374 698 ultra
397 659 585 705 saevisse,
609 670 724 709 quam
747 663 790 696 ut
810 657 982 707 legatum
1005 669 1092 696 eum
1116 656 1164 695 ad
1186 656 1400 695 exercitum
1424 668 1496 707 pro
1518 668 1615 694 con-

103 726 138 757 15
169 717 253 757 sulc
275 716 531 767 relinqueret.
568 715 618 754 M.
638 715 797 754 Furium
818 714 1019 753 Camillum
1043 714 1083 753 in
1102 713 1145 753 L.
1162 713 1296 759 Furio,
1319 713 1387 765 qui
1409 718 1616 764 contemp-

170 780 207 813 ta
229 787 298 814 sua
322 779 525 813 senectute
548 779 586 811 et
606 772 836 811 auctoritate
858 771 1083 811 foedissimo
1112 783 1200 810 cum
1224 777 1367 810 eventu
1388 776 1616 822 pugnasset,

173 844 252 870 non
273 831 398 870 solum
422 831 460 869 in
484 829 706 882 praesentia
728 829 972 868 moderatum
992 829 1071 868 irae
1090 840 1188 875 esse,
1212 840 1262 866 ne
1285 827 1378 879 quid
1401 827 1448 866 de
1467 826 1616 877 collega

104 898 140 930 16
170 901 284 928 secus
305 887 453 940 populo
476 893 543 926 aut
564 886 718 926 senatui
739 885 949 933 scriberet,
971 885 1059 933 sed,
1084 898 1175 924 cum
1197 884 1434 932 revertisset,
1458 883 1617 937 potissi-

170 958 277 984 mum
296 958 341 984 ex
358 944 529 984 tribunis
548 943 824 983 consularibus
841 943 1036 990 habuisse,
1059 954 1190 993 quem,
1213 955 1260 981 ex
1277 941 1437 994 collegis
1455 940 1618 993 optione

170 1003 216 1042 ab
241 1008 381 1042 senatu
403 1003 509 1049 data,
540 1001 688 1040 socium
711 1000 786 1040 sibi
808 1000 961 1052 imperii
991 1000 1193 1051 deligeret.
1248 1011 1340 1038 nam
1369 998 1508 1051 populi
1531 997 1618 1049 qui-

172 1060 273 1106 dem,
296 1072 418 1111 penes
442 1071 558 1110 quem
580 1064 754 1110 potestas
776 1058 954 1096 omnium
977 1069 1110 1096 rerum
1134 1061 1249 1104 esset,
1272 1069 1322 1095 ne
1340 1056 1436 1095 iram
1460 1055 1617 1107 quidem

171 1129 358 1168 umquam
380 1116 616 1155 atrociorem
638 1115 759 1154 fuisse
791 1115 829 1154 in
863 1127 930 1154 eos
945 1146 953 1161 ,
986 1114 1052 1165 qui
1075 1114 1295 1153 temeritate
1327 1119 1444 1164 atque
1465 1112 1618 1152 inscitia

172 1174 368 1213 exercitus
398 1173 639 1219 amisissent,
672 1184 789 1223 quam
813 1178 855 1211 ut
876 1171 1045 1223 pecunia
1068 1184 1136 1210 eos
1160 1171 1362 1219 multaret3
1396 1169 1522 1222 capite
1547 1181 1618 1208 an-

174 1231 360 1282 quisitum
392 1231 441 1269 ob
465 1242 548 1268 rem
570 1229 673 1268 bello
697 1229 794 1268 male
816 1235 965 1280 gestam
988 1229 1036 1268 de
1058 1229 1298 1280 imperatore
1322 1227 1431 1267 nullo
1463 1227 1510 1266 ad
1531 1238 1618 1266 eam

173 1313 230 1351 43,
248 1312 299 1349 16,
316 1313 346 1349 5,
366 1324 409 1336 =
427 1310 482 1342 rei
500 1318 702 1351 genommen
722 1307 860 1341 werden

173 1357 320 1390 k6nnte:
340 1366 394 1388 wo
413 1355 522 1388 selbst
538 1353 755 1396 Angeklagte
774 1363 859 1386 uSW.

173 1422 218 1426 —
243 1402 443 1442 altercatio]
470 1411 496 1433 s.
522 1402 554 1441 4,
581 1401 611 1440 6,
641 1402 669 1433 1.

223 1450 275 1481 11.
301 1448 388 1480 vicit
400 1446 430 1488 ²⁸¹]
457 1446 487 1479 d.
507 1446 539 1479 h.
566 1456 600 1478 er
619 1444 761 1478 schaffte
788 1443 860 1478 sich

175 1494 297 1527 Gehor.
315 1512 359 1516 —
376 1503 447 1525 vooe
472 1495 506 1524 et
529 1491 748 1533 indignatio]
774 1489 861 1523 Hen-

176 1538 350 1583 diadyoin.

222 1586 277 1618 12.
302 1595 345 1616 ne
364 1583 478 1627 plebis
504 1583 646 1625 quidem
672 1583 861 1622 hominem]

177 1630 394 1673 geschweige
429 1629 518 1662 denn
554 1629 653 1661 einen
679 1627 860 1666 Patrizier3

176 1676 246 1719 vgl.
262 1678 294 1717 7,
313 1677 368 1717 32,
389 1676 440 1709 16.
459 1677 514 1717 40,
530 1677 560 1707 7.
574 1693 618 1698 —
643 1684 716 1706 non
742 1676 863 1705 centu-

176 1726 313 1754 rionem
332 1747 339 1756 .
357 1723 378 1762 .]
398 1719 587 1763 steigernd;
606 1731 669 1753 nur
686 1730 728 1752 zu
745 1719 862 1752 diesen

177 1766 300 1800 beiden
326 1767 413 1809 folgt
444 1766 503 1799 der
528 1765 718 1809 Gegensatz
751 1765 785 1797 in
818 1776 863 1796 ez

176 1813 334 1846 Romano
360 1814 588 1855 imperatore.

226 1859 277 1892 13.
298 1862 477 1900 tamquam
492 1882 499 1890 .
516 1882 524 1890 .
537 1859 600 1898 sic]
619 1867 645 1889 s.
661 1858 739 1897 5,·3‚
754 1858 789 1893 6;
809 1857 862 1898 10,

178 1905 210 1945 8,
227 1906 254 1936 1.
270 1923 311 1927 —
327 1914 372 1935 ea:
387 1929 393 1935 .
409 1905 560 1946 ,petere]
575 1913 601 1936 s.
617 1903 861 1944 28,19,11.-

177 1950 407 1992 imperatore]
435 1959 461 1981 s.
487 1949 542 1989 30,
570 1951 599 1981 1.
621 1967 665 1971 —
690 1950 863 1990 quantum

180 1996 346 2027 inter-esse
356 1996 387 2034 *]
413 1994 482 2036 vgl.
502 1994 557 2034 26,
576 1994 608 2034 2,
628 1995 680 2026 10.
700 2012 741 2016 -—
769 1994 864 2024 anti-

180 2050 331 2083 quorum
349 2042 383 2071 et
395 2041 535 2080 novam]
553 2037 649 2071 Form
667 2037 736 2070 und
749 2037 865 2070 Wort-

180 2085 331 2127 stellung
345 2084 535 2123 wechseln;
555 2083 681 2116 ehenso
695 2083 741 2116 ist
755 2083 867 2115 dieta-

182 2135 291 2164 torem
305 2130 410 2164 durch
425 2129 478 2162 die
490 2129 695 2162 chiastische
708 2128 866 2171 Stellung

181 2176 350 2220 gehoben,
363 2193 406 2205 =
421 2175 580 2218 obgleich
599 2174 685 2208 auch
698 2173 866 2207 Diktator.

230 2224 281 2256 14.
306 2222 404 2254 ultra
431 2246 464 2255 ..
492 2223 610 2264 quam]
636 2220 703 2253 wie
729 2222 867 2261 contra,

182 2279 291 2311 snpra
310 2277 433 2310 quam;
460 2277 487 2300 s.
503 2268 557 2307 27,
578 2269 629 2300 11.
650 2285 691 2289 —-
709 2265 868 2308 legatum

184 2339 191 2347 .
208 2341 215 2347 .
232 2324 299 2356 pro
318 2313 471 2354 consule]
496 2311 663 2345 Minucius
687 2321 758 2344 war
776 2310 866 2344 Kon-

183 2359 251 2397 sul;
278 2359 363 2392 nach
382 2358 451 2393 Liv.
470 2360 501 2399 3,
519 2359 573 2399 29,
591 2359 610 2391 3
635 2367 707 2390 war
723 2367 759 2390 er
775 2355 866 2389 Kon-

184 2404 237 2437 sul
262 2414 421 2447 gewesen
446 2403 515 2437 und
546 2403 664 2436 wurde
697 2413 764 2436 von
790 2402 866 2435 dem

184 2449 341 2483 Diktator
358 2450 418 2482 mit
436 2449 512 2483 dem
526 2448 737 2482 Kommando
751 2447 868 2481 beauf-

186 2499 286 2538 tragt,
302 2495 368 2528 wie
382 2500 478 2528 sonst
494 2495 602 2536 legati
611 2505 679 2538 pro
688 2497 867 2537 praetore.

979 1309 1031 1341 15.
1058 1309 1096 1339 in
1120 1306 1252 1347 Furio]
1285 1317 1312 1341 s.
1339 1307 1394 1346 31,
1421 1307 1458 1345 ’ῖς
1489 1305 1560 1348 vgl.
1586 1307 1617 1346 6,

931 1354 985 1394 25,
1004 1355 1036 1386 4.
1054 1371 1098 1376 -
1122 1354 1200 1393 sua]
1227 1351 1294 1385 wie
1314 1351 1341 1395 ,ξ
1362 1353 1404 1385 14
1421 1362 1442 1383 a
1459 1362 1511 1390 se,
1538 1351 1560 1393 ξ
1575 1353 1616 1386 21

930 1400 973 1431 ab
992 1410 1028 1431 se
1052 1397 1163 1431 neben
1182 1399 1258 1430 dem
1277 1397 1443 1440 Particip‘3
1470 1406 1497 1431 s,
1519 1398 1548 1437 1,
1563 1398 1617 1436 25,

934 1447 992 1483 11;
1026 1444 1070 1476 ist
1105 1443 1166 1476 auf
1196 1443 1257 1476 das
1289 1443 1445 1486 logische
1472 1441 1619 1484 Subjekt

930 1491 1096 1532 bezogen.
1116 1508 1158 1513 —
1177 1490 1216 1521 in
1238 1490 1455 1532 praesentia]
1474 1497 1501 1523 s.
1517 1489 1547 1529 7,
1563 1489 1618 1522 22.

931 1555 976 1560 -—
1001 1539 1064 1568 aut
1088 1559 1097 1568 .
1123 1536 1146 1577 .]
1166 1529 1265 1567 ‘oder
1288 1527 1477 1575 vielmehr'‚
1509 1533 1551 1566 da
1576 1545 1619 1567 an

931 1581 992 1615 das
1015 1579 1107 1614 Volk
1132 1580 1227 1614 nicht
1250 1579 1421 1613 berichtet
1445 1579 1574 1613 wurde.

980 1627 1032 1661 16.
1054 1627 1293 1670 potissimum]
1325 1636 1352 1660 s.
1380 1627 1410 1666 1,
1434 1626 1490 1666 34,
1517 1626 1549 1660 6.
1575 1644 1620 1649 —

932 1684 978 1706 ea:
1004 1673 1161 1715 collegis]
1183 1669 1305 1714 gehor't
1322 1682 1364 1704 zu
1382 1672 1525 1714 optione
1549 1670 1619 1704 und

933 1718 1001 1753 soll
1020 1717 1270 1758 hervorhehen,
1295 1716 1370 1750 dats
1389 1726 1425 1750 er
1437 1716 1544 1758 jeden
1562 1726 1620 1750 an-

933 1764 1037 1798 deren
1062 1763 1156 1797 hatte
1183 1763 1319 1796 w'ahlen
1344 1762 1494 1796 kdnnen.

981 1812 1034 1843 17.
1065 1820 1149 1842 nam
1184 1833 1192 1842 .
1212 1833 1220 1842 .
1247 1809 1401 1852 quidem]
1438 1817 1507 1841 von
1543 1806 1620 1841 dem

931 1854 1043 1889 Volke
1069 1855 1141 1887 will
1167 1854 1222 1888 ich
1257 1854 1352 1887 nicht
1382 1853 1505 1894 reden,
1530 1852 1619 1886 denn

931 1911 1001 1934 von
1031 1900 1160 1934 diesem
1192 1900 1346 1933 versteht
1380 1909 1416 1932 es
1446 1898 1517 1931 sich
1551 1908 1619 1931 von

932 1946 1055 1985 selbst3
1076 1955 1103 1979 s,
1119 1946 1140 1989 ξ
1159 1946 1194 1984 8ς
1216 1944 1284 1987 vgl.
1303 1946 1358 1986 22,
1376 1945 1431 1985 61,
1453 1943 1546 1983 14f.;
1565 1944 1620 1983 27,

933 1994 988 2034 44,
1015 1993 1046 2025 7.
1070 2010 1115 2015 ——
1140 2001 1184 2023 ne
1206 1992 1302 2023 iram
1326 1989 1479 2032 quidem]
1511 1989 1622 2023 selbst

934 2046 1036 2070 wenn
1063 2046 1099 2069 es
1128 2035 1253 2069 einmal
1277 2037 1421 2078 gezfirnt
1446 2035 1544 2078 habe,
1570 2035 1620 2068 sei

936 2092 972 2116 es
999 2081 1093 2115 nicht
1110 2081 1230 2114 weiter
1248 2090 1439 2124 gegangen.
1462 2080 1513 2114 als
1532 2090 1620 2114 uSW.

936 2147 979 2152 --
1004 2128 1162 2168 inscitia]
1188 2137 1214 2160 s.
1241 2137 1282 2160 zu
1301 2128 1332 2166 7,
1351 2128 1404 2167 34,
1431 2127 1485 2160 13.
1502 2145 1546 2151 —
1560 2137 1622 2169 pe-

937 2175 1045 2206 cunia
1069 2183 1127 2205 eos
1149 2173 1332 2213 multaret]
1357 2182 1384 2205 s.
1403 2173 1434 2213 2,
1453 2173 1507 2212 52,
1525 2174 1561 2211 5;
1588 2174 1620 2213 4,

937 2221 992 2261 44,
1008 2220 1050 2252 10
1064 2229 1096 2251 u.
1110 2228 1139 2252 a.
1153 2237 1197 2242 —-
1211 2220 1326 2260 eapite
1340 2219 1574 2261 anquisitum]
1592 2227 1620 2250 s.

938 2266 992 2305 26,
1011 2265 1041 2305 3,
1069 2265 1108 2302 6;
1133 2263 1203 2307 vgl.
1222 2265 1252 2305 6,
1273 2265 1327 2305 20,
1347 2265 1408 2303 12;
1434 2274 1494 2296 zur
1511 2262 1622 2295 Sacbe

938 2321 964 2344 s.
991 2311 1046 2352 38,
1071 2311 1125 2352 48,
1153 2311 1210 2349 14;
1241 2309 1328 2342 auch
1353 2310 1407 2350 26,
1432 2310 1464 2350 3,
1490 2310 1510 2343 6
1535 2308 1622 2341 wird

936 2365 1046 2398 gegen
1080 2356 1138 2391 Cn.
1172 2354 1313 2388 Fulvius
1349 2364 1472 2397 wegen
1510 2353 1622 2387 seiner

936 2400 1092 2444 Feigheit
1132 2401 1207 2434 eine
1243 2399 1483 2444 Kapitalklage
1524 2399 1622 2432 erho-

937 2447 1015 2487 ben,
1033 2446 1127 2479 nicht
1141 2456 1262 2490 wegen
1280 2446 1338 2479 der
1353 2443 1620 2488 unglsicklichen

939 2492 1201 2535 Kriegsfihrung.
1227 2511 1270 2516 —
1296 2491 1439 2532 nullo]*
