1779 2828
144 75 172 97 a.
190 66 260 97 Chr.
281 75 310 96 n.
331 68 392 96 333.

144 180 265 228 petua
285 186 384 226 pace
406 173 562 226 quietos
588 172 854 213 obtineamus.
912 173 952 212 di
981 173 1214 214 inmortales
1243 175 1297 214 ita
1326 188 1395 216 vos
1422 182 1608 228 potentes
1640 182 1676 215 14

596 56 724 91 LIBER
749 55 832 91 VIII.
881 56 977 93 CAP.
1006 59 1058 93 13.
1088 61 1141 95 14.

1523 56 1602 95 231

146 232 263 273 huius
284 231 441 271 consilii
462 231 667 279 fecerunt,
698 237 761 279 ut,
794 230 845 270 sit
865 230 1023 270 Latium
1045 230 1189 271 deinde
1211 244 1261 272 an
1286 245 1367 272 non
1390 233 1452 280 sit,
1474 233 1516 273 in
1537 246 1605 287 re-

145 296 225 330 stra
245 301 366 329 manu
396 288 607 341 posuerint
618 300 628 337 ;
661 289 794 340 itaque
816 300 957 341 pacem
979 287 1110 337 vobis,
1142 289 1251 341 quod
1281 290 1328 329 ad
1351 289 1516 331 Latinos
1546 298 1605 332 at-

143 347 256 396 tinet,
278 358 418 399 parare
440 346 481 386 in
503 352 746 399 perpetuum
764 346 824 386 vel
845 346 1056 386 saeviendo
1074 346 1135 386 vel
1156 347 1405 398 ignoscendo
1424 349 1604 400 potestis.

145 405 258 445 mltis
275 403 492 444 crudeliter
508 404 721 444 consulere
738 404 779 444 in
798 403 952 444 deditos
969 403 1208 456 victosque?
1229 405 1321 445 licet
1337 405 1469 446 delere
1488 419 1607 447 omne
1640 414 1676 446 15

142 462 312 510 Latium,
333 467 460 502 vastas
482 461 575 501 inde
597 462 835 502 solitudines
852 463 996 510 facere,
1018 463 1126 502 unde
1149 462 1285 503 sociali
1308 464 1469 515 egregio
1492 476 1605 504 exer-

142 519 222 560 citu
251 531 326 572 per
354 520 477 559 multa
506 519 607 559 bella
640 532 864 573 magnaque
895 532 1014 573 saepe
1044 520 1105 560 usi
1128 521 1244 569 estis3
1281 521 1399 561 vultis
1425 522 1607 575 exemplo
1641 529 1678 561 16

139 577 337 617 maiorum
366 589 513 629 augere
544 590 628 617 rem
650 577 873 618 Romanam
905 578 1030 618 victos
1058 578 1098 617 in
1122 578 1317 619 civitatem
1341 578 1606 632 accipiendo?

139 635 307 675 materia
329 635 538 676 crescendi
555 648 628 688 per
649 649 847 676 summam
871 636 1038 689 gloriam
1061 636 1302 689 suppeditat.
1345 643 1453 677 certe
1475 638 1513 677 id
1535 638 1605 677 fir-

139 692 362 733 missimum
394 693 514 746 longe
544 694 759 746 imperium
792 700 872 739 est,
905 707 984 746 quo
1014 693 1275 735 oboedientes
1297 695 1485 747 gaudent.
1539 696 1608 736 sed
1641 702 1677 735 17

138 756 336 790 maturato
364 763 465 803 opus
487 758 566 800 est,
599 751 790 804 quidquid
825 759 1002 792 statuere
1032 751 1184 804 placet;
1217 759 1275 792 tot
1307 752 1479 805 populos
1501 753 1607 794 inter

138 820 250 861 spem
278 815 511 861 metumque
534 822 753 862 suspensos
780 810 901 850 animi
924 809 1102 859 habetis3
1135 816 1173 849 et
1201 816 1370 850 vestram
1402 811 1535 863 itaque
1559 812 1606 851 de

139 866 195 906 eis
216 879 353 906 curam
376 878 494 918 quam
516 867 690 920 primum
712 867 875 915 absolvi,
899 874 939 907 et
960 868 1121 907 illorum
1144 868 1318 915 animos,
1342 869 1437 908 dum
1461 881 1606 922 expec-

138 924 288 964 tatione
320 930 506 976 stupent,
539 938 610 965 seu
639 938 771 978 poena
799 938 870 965 seu
899 925 1097 965 beneficio
1120 927 1410 978 praeoccupari
1432 933 1604 979 oportet.

140 988 325 1022 nostrum
348 982 422 1021 suit
451 983 630 1028 efficere,
661 990 705 1023 ut
733 984 912 1023 omnium
947 996 1082 1023 rerum
1106 983 1218 1023 vobis
1240 983 1285 1023 ad
1311 984 1608 1024 consulendum
1640 992 1677 1025 15

139 1045 317 1093 potestas
333 1046 449 1088 esset,
469 1047 642 1080 vestrum
661 1048 721 1081 est
739 1041 970 1088 decernere
994 1041 1102 1093 quod
1121 1041 1317 1093 optimum
1334 1041 1445 1082 vobis
1467 1043 1606 1094 ieique

138 1097 322 1150 publicae
345 1092 418 1138 sit?

472 1099 678 1152 principes
710 1106 873 1139 senatus
903 1099 1140 1139 relationem
1169 1099 1346 1139 consulis
1377 1099 1424 1139 de
1450 1112 1604 1140 summa
1630 1103 1677 1139 14

137 1167 275 1195 rerum
296 1155 478 1205 laudare,
506 1156 596 1204 sed,
630 1169 719 1196 cum
751 1157 920 1197 aliorum
951 1169 1070 1197 causa
1100 1156 1173 1196 alia
1196 1164 1320 1202 esset,
1352 1157 1405 1196 ita
1427 1158 1605 1211 expediri

136 1226 255 1266 posse
286 1213 499 1254 consilium
530 1214 683 1265 dicere,
717 1221 760 1254 ut
790 1227 863 1267 pro
896 1215 1039 1254 merito
1063 1215 1257 1266 cuiusque
1278 1222 1542 1263 statueretur,
1573 1216 1605 1256 si

137 1271 186 1311 de
207 1271 376 1323 singulis
398 1271 635 1312 nominatim
661 1274 861 1313 referrent
891 1272 1063 1326 populis.
1118 1273 1285 1312 relatum
1309 1273 1431 1324 igitur
1452 1274 1500 1313 de
1523 1274 1606 1314 sin·
1639 1281 1657 1313 2

136 1395 288 1430 schehen
307 1395 378 1430 und
403 1395 456 1430 ssir
480 1396 534 1431 die
552 1396 705 1432 Zukunst
723 1409 765 1432 zu
784 1408 836 1432 er·

136 1446 270 1476 warten
295 1442 360 1482 ist;
396 1442 520 1477 anders
547 1444 638 1478 wire
665 1444 724 1478 der
750 1443 834 1478 Sinn

135 1498 206 1522 von
230 1499 276 1521 ne
294 1513 302 1522 .
322 1515 330 1523 .
347 1488 554 1524 sollicitent.

185 1536 239 1569 14.
265 1536 331 1576 ita]
356 1535 392 1568 in
417 1535 554 1570 solcher
585 1535 835 1580 Ausdehnung,

137 1579 214 1614 dass
239 1590 276 1614 es
308 1591 396 1624 ganz
427 1582 461 1615 in
493 1592 591 1616 eui-er
616 1582 713 1616 Hand
738 1582 834 1626 liegt.

135 1645 181 1650 —
200 1629 378 1669 potentes]
405 1638 433 1662 5.
459 1629 514 1670 22,
533 1629 648 1670 42,12
675 1640 707 1662 u.
733 1639 763 1662 a.
790 1648 835 1653 —

136 1674 185 1706 sit
201 1673 340 1714 deinde]
356 1674 400 1707 ob
414 1673 553 1718 kunstig
570 1675 643 1708 sein
663 1674 745 1715 s011;
766 1674 836 1718 vgl.

136 1720 192 1760 34,
207 1720 244 1752 5:
272 1723 370 1753 esset.

184 1767 237 1800 15.
264 1766 394 1799 vultis.
410 1767 455 1806 .?]
473 1782 520 1794 =
543 1767 576 1798 .ςί
601 1766 732 1800 vultis.
807 1777 834 1801 5.

135 1813 553 1854 6,,159;,,,9118
591 1813 654 1854 22,
688 1815 833 1855 5411

133 1857 204 1900 vgl.
227 1837 278 1899 10,
300 1860 352 1900 17,
372 1861 403 1892 5.
422 1878 465 1883 —
484 1859 623 1892 dedzlos
640 1861 834 1902 tectosque]

134 1903 190 1938 die
208 1903 332 1938 beiden
351 1904 372 1948 ξ
391 1906 411 1939 8
429 1905 498 1938 und
526 1907 566 1940 12
586 1905 834 1939 bezeichneten

133 1949 293 1993 Klassen,
319 1949 457 1993 Stadte,
483 1951 538 1984 die
564 1951 638 1985 sich
664 1962 726 1985 voi·
752 1951 835 1986 oder

134 1996 223 2030 nach
253 1996 332 2031 dem
358 1996 461 2041 Siege
494 1997 567 2039 (der
593 1997 834 2041 Ersturmung)

135 2042 284 2086 ergeben
310 2043 554 2084 haben51'1ber
587 2055 655 2087 que
680 2054 707 2077 5.
727 2046 758 2085 3,
778 2046 833 2086 55,

136 2089 198 2129 13;
225 2091 278 2131 10,
297 2090 329 2132 9,
346 2091 378 2123 4.
402 2109 448 2114 —
474 2091 570 2131 inde]
587 2107 628 2120 =
651 2102 696 2124 ιε’-ε
714 2093 760 2123 izs
785 2091 835 2124 Io-

135 2137 196 2169 cis.
209 2136 451 2178 —socialz']s.
467 2139 499 2178 7,
510 2138 564 2179 25,
582 2139 611 2170 7.
626 2147 835 2180 —magna-

134 2179 215 2226 que]
241 2182 308 2216 wie
334 2183 691 2227 3,61,13;vg1.4,
721 2185 773 2225 16,

135 2229 190 2270 54,
215 2229 252 2267 4,
278 2228 363 2262 uber
387 2239 492 2272 saepe
517 2238 544 2264 5.
572 2230 603 2271 2,
629 2230 684 2271 35,
711 2231 741 2264 8.

181 2253 234 2308 16.
260 2275 400 2309 vultis.
416 2277 454 2316 .?]
480 2290 525 2303 =
549 2278 606 2308 sin
631 2275 772 2312 vultis..
788 2295 832 2300 -—

134 2320 297 2363 exemplo
321 2323 516 2363 maiorum]
543 2331 570 2355 5.
601 2324 630 2364 1,
655 2323 710 2364 33,
731 2325 761 2356 1.
787 2341 831 2346 ·—

134 2367 328 2408 crescendi]
361 2367 467 2401 durch
499 2367 739 2412 Vermehrung
772 2367 832 2402 der

132 2409 274 2455 Burger.
299 2432 344 2437 —
369 2414 588 2457 suppeditat]
616 2425 642 2448 5.
665 2425 707 2448 zu
726 2416 758 2456 6,
777 2416 831 2456 24,

135 2457 168 2490 2.
192 2475 236 2482 -
262 2459 380 2502 longe]
407 2459 494 2494 wird
525 2460 635 2494 selten
663 2470 702 2494 so
728 2461 833 2494 nach-

134 2502 292 2544 gesteut;
320 2515 347 2538 5.
367 2507 398 2546 3,
417 2507 471 2548 27,
495 2508 529 2545 1;
557 2508 612 2549 44,
632 2508 687 2547 31,
707 2507 746 2545 2;
772 2517 832 2540 zur

133 2546 246 2583 Sache
269 2549 340 2593 vgl.
365 2552 420 2593 21,
445 2554 478 2586 4.

956 1400 1010 1431 17.
1025 1399 1091 1438 tot]
1107 1397 1173 1430 wie
1188 1396 1238 1430 ost
1253 1397 1359 1436 adem
1376 1408 1402 1431 5.
1417 1396 1528 1431 Praes.
1546 1400 1604 1438 11;

908 1459 951 1471 =
966 1443 1057 1477 denn
1072 1454 1108 1477 es
1124 1443 1200 1477 sind
1214 1453 1253 1477 so
1268 1443 1358 1477 viele
1376 1443 1504 1477 Vfilker
1517 1454 1606 1478 usw.

907 1510 951 1514 -
964 1500 1154 1533 suspensos
1167 1492 1295 1530 animi]
1311 1489 1378 1533 vgl.
1395 1491 1425 1531 6,
1446 1492 1500 1531 36,
1517 1492 1546 1524 S.
1561 1509 1606 1515 —

908 1538 1043 1579 itaque]
1070 1546 1113 1569 an
1139 1535 1199 1569 der
1216 1535 1343 1569 dritten
1371 1535 1478 1570 Stelle
1499 1535 1606 1570 findet

907 1582 981 1616 sich
999 1582 1130 1620 selten;
1158 1582 1228 1625 vgl.
1257 1584 1288 1621 4,
1309 1584 1363 1621 54,
1383 1584 1421 1621 6;
1449 1584 1479 1624 6,
1502 1585 1554 1623 17,
1574 1584 1605 1617 S.

955 1630 1007 1663 18.
1032 1631 1221 1661 nostrum.
1237 1630 1257 1669 .]
1293 1627 1457 1662 Camillus
1487 1629 1546 1662 hat
1572 1629 1608 1663 in

907 1674 1038 1708 seinem
1065 1673 1134 1707 und
1153 1675 1267 1707 seines
1286 1673 1453 1718 Kollegen
1473 1674 1606 1708 Namen

907 1720 1062 1754 reseriert
1098 1719 1166 1754 und
1200 1719 1266 1754 den
1293 1719 1514 1764 Gegenstand
1548 1721 1608 1755 der

909 1765 1083 1809 Beratung
1117 1767 1163 1799 im
1189 1766 1420 1809 allgemeinen
1455 1768 1605 1808 (summa

907 1816 1042 1855 rerum)
1070 1812 1291 1846 bezeichnet:
1326 1813 1416 1855 quid
1439 1813 1482 1846 de
1508 1814 1606 1847 dedi-

907 1862 952 1891 tis
977 1862 1011 1891 et
1037 1861 1072 1892 υἱ
1090 1861 1207 1902 captis
1227 1859 1504 1902 fieriplaceret;
1533 1859 1607 1893 dar-

906 1905 991 1939 fiber
1005 1905 1258 1939 abzustimmen
1281 1905 1361 1939 kam
1382 1905 1451 1939 ihm
1471 1906 1522 1940 als
1536 1905 1609 1939 Ma-

907 1952 1030 1995 gistrat
1057 1951 1151 1985 nicht
1177 1962 1237 1989 zu;
1263 1962 1290 1986 5.
1311 1954 1366 1993 20,
1388 1954 1450 1991 12,
1478 1952 1546 1996 vgl.
1574 1955 1606 1988 4.

910 2001 938 2032 1.
956 2017 1002 2023 —
1019 1998 1068 2031 ad
1092 1998 1362 2039 consulendum]
1383 2008 1439 2031 um
1460 1998 1607 2032 dai-siber

906 2043 972 2078 Rat
993 2055 1034 2077 zu
1057 2044 1206 2088 pssegen.
1230 2064 1273 2068 -
1293 2043 1497 2088 decernere]
1519 2045 1606 2078 nach

906 2090 965 2124 der
991 2101 1125 2134 ganzen
1148 2090 1369 2134 Darstellung
1391 2091 1606 2124 entscheidet

905 2136 1008 2170 allein
1047 2136 1106 2170 der
1143 2136 1265 2177 Senat,
1309 2136 1399 2170 doch
1436 2137 1512 2170 sind
1551 2137 1605 2170 die

905 2182 1221 2217 Volksbeschlfisse
1264 2183 1349 2216 iiber
1386 2182 1441 2216 die
1479 2183 1605 2216 Civitfit

904 2229 1076 2263 mehrerer
1097 2228 1309 2263 Gemeinden
1338 2229 1431 2261 wohl
1458 2239 1520 2262 nur
1545 2239 1606 2261 un·

904 2275 1604 2318 erwahntoebhebens.17,12.21‚10;

905 2323 959 2358 26
986 2320 1356 2363 33‚10.-—quod]*

949 2366 1007 2402 14.
1039 2369 1066 2400 1.
1094 2366 1251 2399 aliorum
1277 2391 1284 2399 .
1312 2390 1320 2399 .
1347 2366 1435 2407 αΙιά]
1449 2359 1522 2399 die
1551 2366 1603 2406 13,

906 2414 935 2447 S.
975 2414 1015 2446 12
1053 2412 1303 2455 angegebenen
1342 2411 1602 2445 [nterschiede.

902 2478 948 2483 —
971 2460 1023 2490 ita
1040 2483 1069 2491 ..
1086 2460 1137 2499 ul]
1162 2458 1283 2491 stehen
1307 2457 1368 2490 mit
1391 2457 1576 2492 einander'
1569 2468 1602 2490 in

904 2504 1120 2547 Bezieliung,
1153 2503 1242 2537 doch
1268 2503 1403 2537 scheint
1437 2506 1488 2537 ita
1515 2504 1602 2537 auch

902 2550 963 2584 auf
985 2552 1018 2582 si
1042 2550 1292 2583 hinzuweisen.
