<?xml version="1.0" encoding="UTF-8"?>
<!DOCTYPE html PUBLIC "-//W3C//DTD XHTML 1.0 Transitional//EN"
    "http://www.w3.org/TR/xhtml1/DTD/xhtml1-transitional.dtd">
<html xmlns="http://www.w3.org/1999/xhtml" xml:lang="en" lang="en">
 <head>
  <title>
</title>
<meta http-equiv="Content-Type" content="text/html;charset=utf-8" />
  <meta name='ocr-system' content='tesseract 3.04.00' />
  <meta name='ocr-capabilities' content='ocr_page ocr_carea ocr_par ocr_line ocrx_word'/>
</head>
<body>
  <div class='ocr_page' id='page_1' title='image "./aburbeconditali03livyuoft_0067.png"; bbox 0 0 1779 2828; ppageno 0'>
   <div class='ocr_carea' id='block_1_1' title="bbox 638 108 1069 144">
    <p class='ocr_par' dir='ltr' id='par_1_1' title="bbox 638 108 1069 144">
     <span class='ocr_line' id='line_1_1' title="bbox 638 108 1069 144; baseline 0.002 -1"><span class='ocrx_word' id='word_1_1' title='bbox 638 108 765 143; x_wconf 81' lang='lat' dir='ltr'><strong>LIBER</strong></span> <span class='ocrx_word' id='word_1_2' title='bbox 791 108 844 143; x_wconf 80' lang='lat' dir='ltr'>VI.</span> <span class='ocrx_word' id='word_1_3' title='bbox 894 108 989 143; x_wconf 83' lang='lat' dir='ltr'>CAP.</span> <span class='ocrx_word' id='word_1_4' title='bbox 1016 111 1069 144; x_wconf 84' lang='lat'>26.</span> 
     </span>
    </p>
   </div>
   <div class='ocr_carea' id='block_1_2' title="bbox 128 109 1580 151">
    <p class='ocr_par' dir='ltr' id='par_1_2' title="bbox 128 109 1580 151">
     <span class='ocr_line' id='line_1_2' title="bbox 128 109 1580 151; baseline -0.002 -1"><span class='ocrx_word' id='word_1_5' title='bbox 128 130 157 150; x_wconf 84' lang='lat' dir='ltr'>a.</span> <span class='ocrx_word' id='word_1_6' title='bbox 179 121 247 150; x_wconf 79' lang='lat' dir='ltr'>chr.</span> <span class='ocrx_word' id='word_1_7' title='bbox 270 132 298 151; x_wconf 84' lang='lat' dir='ltr'>n.</span> <span class='ocrx_word' id='word_1_8' title='bbox 318 122 379 149; x_wconf 82' lang='lat'>381.</span> <span class='ocrx_word' id='word_1_9' title='bbox 1527 109 1580 148; x_wconf 84' lang='lat'>63</span> 
     </span>
    </p>
   </div>
   <div class='ocr_carea' id='block_1_3' title="bbox 69 225 1583 1426">
    <p class='ocr_par' dir='ltr' id='par_1_3' title="bbox 69 225 1583 1426">
     <span class='ocr_line' id='line_1_3' title="bbox 128 225 1581 280; baseline 0 -13"><span class='ocrx_word' id='word_1_10' title='bbox 128 239 271 280; x_wconf 89' lang='lat' dir='ltr'>rasque</span> <span class='ocrx_word' id='word_1_11' title='bbox 284 226 399 273; x_wconf 78' lang='lat' dir='ltr'>vires,</span> <span class='ocrx_word' id='word_1_12' title='bbox 417 225 563 278; x_wconf 88' lang='lat' dir='ltr'>quibus</span> <span class='ocrx_word' id='word_1_13' title='bbox 579 225 627 265; x_wconf 91' lang='lat' dir='ltr'>ab</span> <span class='ocrx_word' id='word_1_14' title='bbox 647 226 703 265; x_wconf 88' lang='lat' dir='ltr'>ira</span> <span class='ocrx_word' id='word_1_15' title='bbox 714 226 989 265; x_wconf 87' lang='lat' dir='ltr'>Romanorum</span> <span class='ocrx_word' id='word_1_16' title='bbox 1001 233 1130 266; x_wconf 77' lang='lat' dir='ltr'>vestra</span> <span class='ocrx_word' id='word_1_17' title='bbox 1150 228 1388 275; x_wconf 81' lang='lat' dir='ltr'>tutaremini,</span> <span class='ocrx_word' id='word_1_18' title='bbox 1407 227 1581 267; x_wconf 83' lang='lat' dir='ltr'>invenis-</span> 
     </span>
     <span class='ocr_line' id='line_1_4' title="bbox 129 283 1583 337; baseline 0.001 -13"><span class='ocrx_word' id='word_1_19' title='bbox 129 285 192 325; x_wconf 84' lang='lat' dir='ltr'>tis.</span> <span class='ocrx_word' id='word_1_20' title='bbox 234 284 288 324; x_wconf 85' lang='lat' dir='ltr'>ite</span> <span class='ocrx_word' id='word_1_21' title='bbox 303 284 470 323; x_wconf 84' lang='lat' dir='ltr'>Romam</span> <span class='ocrx_word' id='word_1_22' title='bbox 487 284 534 323; x_wconf 88' lang='lat' dir='ltr'>ad</span> <span class='ocrx_word' id='word_1_23' title='bbox 553 290 760 331; x_wconf 88' lang='lat' dir='ltr'>senatum;</span> <span class='ocrx_word' id='word_1_24' title='bbox 784 283 1049 323; x_wconf 87' lang='lat' dir='ltr'>aestimabunt</span> <span class='ocrx_word' id='word_1_25' title='bbox 1067 292 1213 336; x_wconf 88' lang='lat' dir='ltr'>patres,</span> <span class='ocrx_word' id='word_1_26' title='bbox 1233 292 1367 324; x_wconf 88' lang='lat' dir='ltr'>utrum</span> <span class='ocrx_word' id='word_1_27' title='bbox 1385 285 1474 337; x_wconf 90' lang='lat' dir='ltr'>plus</span> <span class='ocrx_word' id='word_1_28' title='bbox 1491 292 1583 325; x_wconf 82' lang='lat' dir='ltr'>ante</span> 
     </span>
     <span class='ocr_line' id='line_1_5' title="bbox 129 341 1581 395; baseline 0 -13"><span class='ocrx_word' id='word_1_29' title='bbox 129 353 344 395; x_wconf 26' lang='lat' dir='ltr'>poenaessan</span> <span class='ocrx_word' id='word_1_30' title='bbox 357 353 467 381; x_wconf 91' lang='lat' dir='ltr'>nunc</span> <span class='ocrx_word' id='word_1_31' title='bbox 477 341 615 381; x_wconf 76' lang='lat' dir='ltr'>veniae</span> <span class='ocrx_word' id='word_1_32' title='bbox 624 341 755 381; x_wconf 89' lang='lat' dir='ltr'>meriti</span> <span class='ocrx_word' id='word_1_33' title='bbox 769 341 874 391; x_wconf 83' lang='lat' dir='ltr'>sitis3</span> <span class='ocrx_word' id='word_1_34' title='bbox 892 354 974 381; x_wconf 93' lang='lat' dir='ltr'>non</span> <span class='ocrx_word' id='word_1_35' title='bbox 993 341 1236 394; x_wconf 83' lang='lat' dir='ltr'>praecipiam</span> <span class='ocrx_word' id='word_1_36' title='bbox 1253 342 1417 394; x_wconf 82' lang='lat' dir='ltr'>gratiam</span> <span class='ocrx_word' id='word_1_37' title='bbox 1432 342 1581 395; x_wconf 86' lang='lat' dir='ltr'>publici</span> 
     </span>
     <span class='ocr_line' id='line_1_6' title="bbox 127 398 1581 451; baseline 0 -12"><span class='ocrx_word' id='word_1_38' title='bbox 127 398 329 448; x_wconf 82' lang='lat' dir='ltr'>heneficii3</span> <span class='ocrx_word' id='word_1_39' title='bbox 352 399 595 451; x_wconf 88' lang='lat' dir='ltr'>deprecandi</span> <span class='ocrx_word' id='word_1_40' title='bbox 617 405 853 451; x_wconf 88' lang='lat' dir='ltr'>potestatem</span> <span class='ocrx_word' id='word_1_41' title='bbox 871 412 892 438; x_wconf 91' lang='lat' dir='ltr'>a</span> <span class='ocrx_word' id='word_1_42' title='bbox 909 411 972 438; x_wconf 90' lang='lat' dir='ltr'>me</span> <span class='ocrx_word' id='word_1_43' title='bbox 990 399 1231 447; x_wconf 90' lang='lat' dir='ltr'>habueritis;</span> <span class='ocrx_word' id='word_1_44' title='bbox 1254 400 1440 451; x_wconf 87' lang='lat' dir='ltr'>precibus</span> <span class='ocrx_word' id='word_1_45' title='bbox 1463 413 1581 439; x_wconf 78' lang='lat' dir='ltr'>even-</span> 
     </span>
     <span class='ocr_line' id='line_1_7' title="bbox 127 450 1582 509; baseline 0 -12"><span class='ocrx_word' id='word_1_46' title='bbox 127 464 210 497; x_wconf 88' lang='lat' dir='ltr'>tum</span> <span class='ocrx_word' id='word_1_47' title='bbox 222 456 362 497; x_wconf 86' lang='lat' dir='ltr'>vestris</span> <span class='ocrx_word' id='word_1_48' title='bbox 379 463 553 502; x_wconf 87' lang='lat' dir='ltr'>senatus,</span> <span class='ocrx_word' id='word_1_49' title='bbox 567 469 684 508; x_wconf 90' lang='lat' dir='ltr'>quem</span> <span class='ocrx_word' id='word_1_50' title='bbox 700 456 911 505; x_wconf 83' lang='lat' dir='ltr'>videbitur,</span> <span class='ocrx_word' id='word_1_51' title='bbox 923 450 1052 496; x_wconf 70' lang='lat' dir='ltr'>dabit?</span> <span class='ocrx_word' id='word_1_52' title='bbox 1079 463 1291 509; x_wconf 85' lang='lat' dir='ltr'>postquam</span> <span class='ocrx_word' id='word_1_53' title='bbox 1304 457 1468 496; x_wconf 88' lang='lat' dir='ltr'>Romam</span> <span class='ocrx_word' id='word_1_54' title='bbox 1482 457 1582 498; x_wconf 88' lang='lat' dir='ltr'>Tus-</span> 
     </span>
     <span class='ocr_line' id='line_1_8' title="bbox 126 514 1582 567; baseline -0.001 -12"><span class='ocrx_word' id='word_1_55' title='bbox 126 514 259 555; x_wconf 88' lang='lat' dir='ltr'>culani</span> <span class='ocrx_word' id='word_1_56' title='bbox 276 521 474 554; x_wconf 88' lang='lat' dir='ltr'>venerunt</span> <span class='ocrx_word' id='word_1_57' title='bbox 490 522 732 566; x_wconf 83' lang='lat' dir='ltr'>senatusque</span> <span class='ocrx_word' id='word_1_58' title='bbox 754 514 871 567; x_wconf 89' lang='lat' dir='ltr'>paulo</span> <span class='ocrx_word' id='word_1_59' title='bbox 890 521 981 554; x_wconf 89' lang='lat' dir='ltr'>ante</span> <span class='ocrx_word' id='word_1_60' title='bbox 998 514 1174 554; x_wconf 84' lang='lat' dir='ltr'>fidelium</span> <span class='ocrx_word' id='word_1_61' title='bbox 1190 514 1392 554; x_wconf 90' lang='lat' dir='ltr'>sociorum</span> <span class='ocrx_word' id='word_1_62' title='bbox 1409 521 1582 555; x_wconf 87' lang='lat' dir='ltr'>maestus</span> 
     </span>
     <span class='ocr_line' id='line_1_9' title="bbox 126 571 1582 625; baseline 0 -13"><span class='ocrx_word' id='word_1_63' title='bbox 126 572 167 612; x_wconf 91' lang='lat' dir='ltr'>in</span> <span class='ocrx_word' id='word_1_64' title='bbox 184 571 378 612; x_wconf 88' lang='lat' dir='ltr'>vestibulo</span> <span class='ocrx_word' id='word_1_65' title='bbox 398 572 532 611; x_wconf 88' lang='lat' dir='ltr'>curiae</span> <span class='ocrx_word' id='word_1_66' title='bbox 548 578 608 612; x_wconf 90' lang='lat' dir='ltr'>est</span> <span class='ocrx_word' id='word_1_67' title='bbox 623 579 878 624; x_wconf 88' lang='lat' dir='ltr'>conspectus,</span> <span class='ocrx_word' id='word_1_68' title='bbox 890 572 986 612; x_wconf 89' lang='lat' dir='ltr'>moti</span> <span class='ocrx_word' id='word_1_69' title='bbox 1004 573 1201 625; x_wconf 79' lang='lat' dir='ltr'>extemplo</span> <span class='ocrx_word' id='word_1_70' title='bbox 1218 579 1351 625; x_wconf 85' lang='lat' dir='ltr'>patres</span> <span class='ocrx_word' id='word_1_71' title='bbox 1367 573 1499 612; x_wconf 82' lang='lat' dir='ltr'>vocari</span> <span class='ocrx_word' id='word_1_72' title='bbox 1514 585 1582 613; x_wconf 92' lang='lat' dir='ltr'>eos</span> 
     </span>
     <span class='ocr_line' id='line_1_10' title="bbox 127 629 1583 682; baseline 0.001 -13"><span class='ocrx_word' id='word_1_73' title='bbox 127 630 204 670; x_wconf 88' lang='lat' dir='ltr'>iam</span> <span class='ocrx_word' id='word_1_74' title='bbox 226 635 311 669; x_wconf 89' lang='lat' dir='ltr'>tum</span> <span class='ocrx_word' id='word_1_75' title='bbox 332 629 582 681; x_wconf 84' lang='lat' dir='ltr'>hospitaliter</span> <span class='ocrx_word' id='word_1_76' title='bbox 604 630 727 682; x_wconf 85' lang='lat' dir='ltr'>magis</span> <span class='ocrx_word' id='word_1_77' title='bbox 741 642 859 681; x_wconf 90' lang='lat' dir='ltr'>quam</span> <span class='ocrx_word' id='word_1_78' title='bbox 877 630 1073 670; x_wconf 86' lang='lat' dir='ltr'>hostiliter</span> <span class='ocrx_word' id='word_1_79' title='bbox 1089 630 1253 670; x_wconf 90' lang='lat' dir='ltr'>iussere.</span> <span class='ocrx_word' id='word_1_80' title='bbox 1296 630 1464 670; x_wconf 90' lang='lat' dir='ltr'>dictator</span> <span class='ocrx_word' id='word_1_81' title='bbox 1482 630 1583 670; x_wconf 93' lang='lat' dir='ltr'>Tus-</span> 
     </span>
     <span class='ocr_line' id='line_1_11' title="bbox 69 682 1581 740; baseline 0 -13"><span class='ocrx_word' id='word_1_82' title='bbox 69 700 74 704; x_wconf 84' lang='lat'><em>·</em></span> <span class='ocrx_word' id='word_1_83' title='bbox 125 687 293 727; x_wconf 90' lang='lat' dir='ltr'>culanus</span> <span class='ocrx_word' id='word_1_84' title='bbox 323 687 375 726; x_wconf 87' lang='lat' dir='ltr'>ita</span> <span class='ocrx_word' id='word_1_85' title='bbox 411 687 530 726; x_wconf 83' lang='lat' dir='ltr'>verba</span> <span class='ocrx_word' id='word_1_86' title='bbox 553 688 663 727; x_wconf 83' lang='lat' dir='ltr'>fecit:</span> <span class='ocrx_word' id='word_1_87' title='bbox 711 682 874 739; x_wconf 83' lang='lat' dir='ltr'>‘quibus</span> <span class='ocrx_word' id='word_1_88' title='bbox 905 687 1051 728; x_wconf 89' lang='lat' dir='ltr'>bellum</span> <span class='ocrx_word' id='word_1_89' title='bbox 1083 688 1278 728; x_wconf 81' lang='lat' dir='ltr'>indixistis</span> <span class='ocrx_word' id='word_1_90' title='bbox 1299 688 1581 740; x_wconf 89' lang='lat' dir='ltr'>intulistisque‚</span> 
     </span>
     <span class='ocr_line' id='line_1_12' title="bbox 124 745 1582 798; baseline 0.001 -14"><span class='ocrx_word' id='word_1_91' title='bbox 124 751 258 798; x_wconf 90' lang='lat' dir='ltr'>patres</span> <span class='ocrx_word' id='word_1_92' title='bbox 278 745 509 797; x_wconf 83' lang='lat' dir='ltr'>conscripti,</span> <span class='ocrx_word' id='word_1_93' title='bbox 532 745 634 785; x_wconf 87' lang='lat' dir='ltr'>sicut</span> <span class='ocrx_word' id='word_1_94' title='bbox 656 758 764 785; x_wconf 91' lang='lat' dir='ltr'>nunc</span> <span class='ocrx_word' id='word_1_95' title='bbox 787 745 925 785; x_wconf 86' lang='lat' dir='ltr'>videtis</span> <span class='ocrx_word' id='word_1_96' title='bbox 948 759 1022 785; x_wconf 95' lang='lat' dir='ltr'>nos</span> <span class='ocrx_word' id='word_1_97' title='bbox 1052 753 1203 786; x_wconf 86' lang='lat' dir='ltr'>stantes</span> <span class='ocrx_word' id='word_1_98' title='bbox 1225 746 1265 785; x_wconf 91' lang='lat' dir='ltr'>in</span> <span class='ocrx_word' id='word_1_99' title='bbox 1288 745 1483 785; x_wconf 81' lang='lat' dir='ltr'>vestibulo</span> <span class='ocrx_word' id='word_1_100' title='bbox 1512 758 1582 785; x_wconf 86' lang='lat' dir='ltr'>cu-</span> 
     </span>
     <span class='ocr_line' id='line_1_13' title="bbox 125 802 1581 856; baseline 0 -14"><span class='ocrx_word' id='word_1_101' title='bbox 125 802 207 842; x_wconf 89' lang='lat' dir='ltr'>riae</span> <span class='ocrx_word' id='word_1_102' title='bbox 227 808 392 849; x_wconf 85' lang='lat' dir='ltr'>vestrae,</span> <span class='ocrx_word' id='word_1_103' title='bbox 423 803 475 842; x_wconf 86' lang='lat' dir='ltr'>ita</span> <span class='ocrx_word' id='word_1_104' title='bbox 497 803 636 842; x_wconf 89' lang='lat' dir='ltr'>armati</span> <span class='ocrx_word' id='word_1_105' title='bbox 657 803 865 855; x_wconf 86' lang='lat' dir='ltr'>paratique</span> <span class='ocrx_word' id='word_1_106' title='bbox 896 802 1051 843; x_wconf 91' lang='lat' dir='ltr'>obviam</span> <span class='ocrx_word' id='word_1_107' title='bbox 1082 803 1391 856; x_wconf 86' lang='lat' dir='ltr'>imperatoribus</span> <span class='ocrx_word' id='word_1_108' title='bbox 1414 803 1581 855; x_wconf 84' lang='lat' dir='ltr'>legioni-</span> 
     </span>
     <span class='ocr_line' id='line_1_14' title="bbox 126 860 1580 913; baseline 0 -13"><span class='ocrx_word' id='word_1_109' title='bbox 126 860 282 912; x_wconf 83' lang='lat' dir='ltr'>busque</span> <span class='ocrx_word' id='word_1_110' title='bbox 300 860 437 900; x_wconf 87' lang='lat' dir='ltr'>vestris</span> <span class='ocrx_word' id='word_1_111' title='bbox 459 860 740 912; x_wconf 86' lang='lat' dir='ltr'>processimus.</span> <span class='ocrx_word' id='word_1_112' title='bbox 781 861 847 900; x_wconf 93' lang='lat' dir='ltr'>hic</span> <span class='ocrx_word' id='word_1_113' title='bbox 869 868 1026 908; x_wconf 89' lang='lat' dir='ltr'>noster,</span> <span class='ocrx_word' id='word_1_114' title='bbox 1049 861 1112 900; x_wconf 88' lang='lat' dir='ltr'>hic</span> <span class='ocrx_word' id='word_1_115' title='bbox 1135 861 1262 913; x_wconf 87' lang='lat' dir='ltr'>plebis</span> <span class='ocrx_word' id='word_1_116' title='bbox 1284 868 1446 901; x_wconf 88' lang='lat' dir='ltr'>nostrae</span> <span class='ocrx_word' id='word_1_117' title='bbox 1468 861 1580 900; x_wconf 90' lang='lat' dir='ltr'>habi-</span> 
     </span>
     <span class='ocr_line' id='line_1_15' title="bbox 126 917 1582 971; baseline 0.001 -14"><span class='ocrx_word' id='word_1_118' title='bbox 126 925 189 958; x_wconf 90' lang='lat' dir='ltr'>tus</span> <span class='ocrx_word' id='word_1_119' title='bbox 211 918 286 957; x_wconf 85' lang='lat' dir='ltr'>fuit</span> <span class='ocrx_word' id='word_1_120' title='bbox 306 917 461 969; x_wconf 87' lang='lat' dir='ltr'>eritque</span> <span class='ocrx_word' id='word_1_121' title='bbox 484 931 655 970; x_wconf 87' lang='lat' dir='ltr'>semper,</span> <span class='ocrx_word' id='word_1_122' title='bbox 678 918 755 958; x_wconf 88' lang='lat' dir='ltr'>nisi</span> <span class='ocrx_word' id='word_1_123' title='bbox 773 918 804 958; x_wconf 93' lang='lat' dir='ltr'>si</span> <span class='ocrx_word' id='word_1_124' title='bbox 823 919 982 970; x_wconf 87' lang='lat' dir='ltr'>quando</span> <span class='ocrx_word' id='word_1_125' title='bbox 1005 931 1025 957; x_wconf 94' lang='lat' dir='ltr'>a</span> <span class='ocrx_word' id='word_1_126' title='bbox 1042 918 1154 959; x_wconf 82' lang='lat' dir='ltr'>vobis</span> <span class='ocrx_word' id='word_1_127' title='bbox 1171 931 1325 971; x_wconf 86' lang='lat' dir='ltr'>proque</span> <span class='ocrx_word' id='word_1_128' title='bbox 1346 918 1457 958; x_wconf 81' lang='lat' dir='ltr'>vobis</span> <span class='ocrx_word' id='word_1_129' title='bbox 1474 931 1582 958; x_wconf 90' lang='lat' dir='ltr'>arma</span> 
     </span>
     <span class='ocr_line' id='line_1_16' title="bbox 125 975 1582 1028; baseline 0 -13"><span class='ocrx_word' id='word_1_130' title='bbox 125 975 413 1027; x_wconf 85' lang='lat' dir='ltr'>acceperimus.</span> <span class='ocrx_word' id='word_1_131' title='bbox 464 975 610 1028; x_wconf 84' lang='lat' dir='ltr'>gratias</span> <span class='ocrx_word' id='word_1_132' title='bbox 641 975 794 1028; x_wconf 86' lang='lat' dir='ltr'>agimus</span> <span class='ocrx_word' id='word_1_133' title='bbox 827 983 866 1015; x_wconf 90' lang='lat' dir='ltr'>et</span> <span class='ocrx_word' id='word_1_134' title='bbox 896 976 1064 1016; x_wconf 81' lang='lat' dir='ltr'>ducibus</span> <span class='ocrx_word' id='word_1_135' title='bbox 1087 977 1226 1017; x_wconf 80' lang='lat' dir='ltr'>vestris</span> <span class='ocrx_word' id='word_1_136' title='bbox 1258 983 1296 1016; x_wconf 91' lang='lat' dir='ltr'>et</span> <span class='ocrx_word' id='word_1_137' title='bbox 1328 976 1582 1024; x_wconf 79' lang='lat' dir='ltr'>exercitibus,</span> 
     </span>
     <span class='ocr_line' id='line_1_17' title="bbox 126 1032 1582 1085; baseline 0.001 -13"><span class='ocrx_word' id='word_1_138' title='bbox 126 1032 234 1085; x_wconf 87' lang='lat' dir='ltr'>quod</span> <span class='ocrx_word' id='word_1_139' title='bbox 256 1032 382 1073; x_wconf 89' lang='lat' dir='ltr'>oculis</span> <span class='ocrx_word' id='word_1_140' title='bbox 403 1033 528 1085; x_wconf 83' lang='lat' dir='ltr'>magis</span> <span class='ocrx_word' id='word_1_141' title='bbox 551 1046 668 1085; x_wconf 91' lang='lat' dir='ltr'>quam</span> <span class='ocrx_word' id='word_1_142' title='bbox 693 1033 856 1074; x_wconf 87' lang='lat' dir='ltr'>auribus</span> <span class='ocrx_word' id='word_1_143' title='bbox 879 1033 1140 1074; x_wconf 87' lang='lat' dir='ltr'>crediderunt</span> <span class='ocrx_word' id='word_1_144' title='bbox 1162 1040 1212 1082; x_wconf 89' lang='lat' dir='ltr'>et,</span> <span class='ocrx_word' id='word_1_145' title='bbox 1236 1034 1303 1074; x_wconf 91' lang='lat' dir='ltr'>ubi</span> <span class='ocrx_word' id='word_1_146' title='bbox 1321 1034 1418 1073; x_wconf 91' lang='lat' dir='ltr'>nihil</span> <span class='ocrx_word' id='word_1_147' title='bbox 1439 1034 1582 1074; x_wconf 89' lang='lat' dir='ltr'>hostile</span> 
     </span>
     <span class='ocr_line' id='line_1_18' title="bbox 126 1090 1582 1144; baseline 0.001 -14"><span class='ocrx_word' id='word_1_148' title='bbox 126 1096 223 1139; x_wconf 90' lang='lat' dir='ltr'>erat,</span> <span class='ocrx_word' id='word_1_149' title='bbox 256 1103 306 1130; x_wconf 90' lang='lat' dir='ltr'>ne</span> <span class='ocrx_word' id='word_1_150' title='bbox 328 1090 404 1143; x_wconf 91' lang='lat' dir='ltr'>ipsi</span> <span class='ocrx_word' id='word_1_151' title='bbox 427 1091 585 1142; x_wconf 88' lang='lat' dir='ltr'>quidem</span> <span class='ocrx_word' id='word_1_152' title='bbox 608 1091 803 1131; x_wconf 88' lang='lat' dir='ltr'>fecerunt.</span> <span class='ocrx_word' id='word_1_153' title='bbox 862 1103 1013 1144; x_wconf 89' lang='lat' dir='ltr'>pacem,</span> <span class='ocrx_word' id='word_1_154' title='bbox 1050 1104 1168 1143; x_wconf 89' lang='lat' dir='ltr'>quam</span> <span class='ocrx_word' id='word_1_155' title='bbox 1199 1105 1272 1132; x_wconf 91' lang='lat' dir='ltr'>nos</span> <span class='ocrx_word' id='word_1_156' title='bbox 1301 1092 1582 1143; x_wconf 74' lang='lat' dir='ltr'>praestitimus,</span> 
     </span>
     <span class='ocr_line' id='line_1_19' title="bbox 127 1144 1580 1201; baseline 0 -13"><span class='ocrx_word' id='word_1_157' title='bbox 127 1144 256 1188; x_wconf 82' lang='lat' dir='ltr'>eam‘a</span> <span class='ocrx_word' id='word_1_158' title='bbox 276 1147 389 1188; x_wconf 89' lang='lat' dir='ltr'>vohis</span> <span class='ocrx_word' id='word_1_159' title='bbox 409 1148 603 1200; x_wconf 89' lang='lat' dir='ltr'>petimus;</span> <span class='ocrx_word' id='word_1_160' title='bbox 632 1148 782 1189; x_wconf 89' lang='lat' dir='ltr'>bellum</span> <span class='ocrx_word' id='word_1_161' title='bbox 805 1161 873 1197; x_wconf 85' lang='lat' dir='ltr'>eo,</span> <span class='ocrx_word' id='word_1_162' title='bbox 897 1149 1026 1189; x_wconf 89' lang='lat' dir='ltr'>sicubi</span> <span class='ocrx_word' id='word_1_163' title='bbox 1049 1156 1119 1198; x_wconf 87' lang='lat' dir='ltr'>est,</span> <span class='ocrx_word' id='word_1_164' title='bbox 1142 1149 1326 1189; x_wconf 77' lang='lat' dir='ltr'>avertatis</span> <span class='ocrx_word' id='word_1_165' title='bbox 1347 1162 1580 1201; x_wconf 86' lang='lat' dir='ltr'>precamur;</span> 
     </span>
     <span class='ocr_line' id='line_1_20' title="bbox 124 1206 1581 1260; baseline 0.001 -15"><span class='ocrx_word' id='word_1_166' title='bbox 124 1206 165 1245; x_wconf 93' lang='lat' dir='ltr'>in</span> <span class='ocrx_word' id='word_1_167' title='bbox 190 1218 265 1246; x_wconf 90' lang='lat' dir='ltr'>nos</span> <span class='ocrx_word' id='word_1_168' title='bbox 299 1206 393 1258; x_wconf 90' lang='lat' dir='ltr'>quid</span> <span class='ocrx_word' id='word_1_169' title='bbox 419 1218 527 1245; x_wconf 88' lang='lat' dir='ltr'>arma</span> <span class='ocrx_word' id='word_1_170' title='bbox 549 1206 726 1259; x_wconf 91' lang='lat' dir='ltr'>polleant</span> <span class='ocrx_word' id='word_1_171' title='bbox 749 1213 897 1254; x_wconf 80' lang='lat' dir='ltr'>vestra,</span> <span class='ocrx_word' id='word_1_172' title='bbox 928 1207 959 1247; x_wconf 92' lang='lat' dir='ltr'>si</span> <span class='ocrx_word' id='word_1_173' title='bbox 982 1207 1169 1259; x_wconf 92' lang='lat' dir='ltr'>patiendo</span> <span class='ocrx_word' id='word_1_174' title='bbox 1194 1207 1487 1260; x_wconf 82' lang='lat' dir='ltr'>experiundum</span> <span class='ocrx_word' id='word_1_175' title='bbox 1510 1214 1581 1255; x_wconf 91' lang='lat' dir='ltr'>est,</span> 
     </span>
     <span class='ocr_line' id='line_1_21' title="bbox 125 1263 1581 1316; baseline 0.001 -14"><span class='ocrx_word' id='word_1_176' title='bbox 125 1263 300 1303; x_wconf 90' lang='lat' dir='ltr'>inermes</span> <span class='ocrx_word' id='word_1_177' title='bbox 331 1264 597 1316; x_wconf 86' lang='lat' dir='ltr'>experiemur.</span> <span class='ocrx_word' id='word_1_178' title='bbox 647 1264 745 1304; x_wconf 86' lang='lat' dir='ltr'>haec</span> <span class='ocrx_word' id='word_1_179' title='bbox 774 1276 888 1304; x_wconf 89' lang='lat' dir='ltr'>mens</span> <span class='ocrx_word' id='word_1_180' title='bbox 920 1271 1058 1305; x_wconf 89' lang='lat' dir='ltr'>nostra</span> <span class='ocrx_word' id='word_1_181' title='bbox 1080 1272 1158 1312; x_wconf 88' lang='lat' dir='ltr'>est,</span> <span class='ocrx_word' id='word_1_182' title='bbox 1191 1265 1229 1305; x_wconf 91' lang='lat' dir='ltr'>di</span> <span class='ocrx_word' id='word_1_183' title='bbox 1262 1265 1494 1305; x_wconf 86' lang='lat' dir='ltr'>inmortales</span> <span class='ocrx_word' id='word_1_184' title='bbox 1524 1266 1581 1304; x_wconf 81' lang='lat' dir='ltr'>fa-</span> 
     </span>
     <span class='ocr_line' id='line_1_22' title="bbox 124 1320 1582 1374; baseline 0.001 -14"><span class='ocrx_word' id='word_1_185' title='bbox 124 1320 244 1369; x_wconf 90' lang='lat' dir='ltr'>ciant,</span> <span class='ocrx_word' id='word_1_186' title='bbox 266 1327 346 1360; x_wconf 92' lang='lat' dir='ltr'>tam</span> <span class='ocrx_word' id='word_1_187' title='bbox 364 1321 470 1367; x_wconf 74' lang='lat' dir='ltr'>felix,</span> <span class='ocrx_word' id='word_1_188' title='bbox 494 1334 612 1373; x_wconf 90' lang='lat' dir='ltr'>quam</span> <span class='ocrx_word' id='word_1_189' title='bbox 634 1322 710 1374; x_wconf 91' lang='lat' dir='ltr'>pia.</span> <span class='ocrx_word' id='word_1_190' title='bbox 753 1322 861 1374; x_wconf 87' lang='lat' dir='ltr'>quod</span> <span class='ocrx_word' id='word_1_191' title='bbox 883 1323 929 1362; x_wconf 88' lang='lat' dir='ltr'>ad</span> <span class='ocrx_word' id='word_1_192' title='bbox 952 1322 1119 1362; x_wconf 89' lang='lat' dir='ltr'>crimina</span> <span class='ocrx_word' id='word_1_193' title='bbox 1139 1323 1292 1368; x_wconf 88' lang='lat' dir='ltr'>attinet,</span> <span class='ocrx_word' id='word_1_194' title='bbox 1317 1322 1462 1374; x_wconf 82' lang='lat' dir='ltr'>quibus</span> <span class='ocrx_word' id='word_1_195' title='bbox 1485 1322 1582 1362; x_wconf 92' lang='lat' dir='ltr'>moti</span> 
     </span>
     <span class='ocr_line' id='line_1_23' title="bbox 122 1377 1583 1426; baseline 0.001 -8"><span class='ocrx_word' id='word_1_196' title='bbox 122 1377 272 1418; x_wconf 87' lang='lat' dir='ltr'>bellum</span> <span class='ocrx_word' id='word_1_197' title='bbox 301 1378 517 1426; x_wconf 79' lang='lat' dir='ltr'>indixistis,</span> <span class='ocrx_word' id='word_1_198' title='bbox 552 1379 626 1419; x_wconf 85' lang='lat' dir='ltr'>etsi</span> <span class='ocrx_word' id='word_1_199' title='bbox 656 1379 802 1420; x_wconf 86' lang='lat' dir='ltr'>revicta</span> <span class='ocrx_word' id='word_1_200' title='bbox 832 1380 952 1420; x_wconf 90' lang='lat' dir='ltr'>rebus</span> <span class='ocrx_word' id='word_1_201' title='bbox 984 1380 1116 1420; x_wconf 86' lang='lat' dir='ltr'>verbis</span> <span class='ocrx_word' id='word_1_202' title='bbox 1139 1380 1349 1420; x_wconf 85' lang='lat' dir='ltr'>confutare</span> <span class='ocrx_word' id='word_1_203' title='bbox 1372 1380 1470 1419; x_wconf 90' lang='lat' dir='ltr'>nihil</span> <span class='ocrx_word' id='word_1_204' title='bbox 1492 1380 1583 1420; x_wconf 90' lang='lat' dir='ltr'>atti-</span> 
     </span>
    </p>
   </div>
   <div class='ocr_carea' id='block_1_4' title="bbox 124 1486 825 2637">
    <p class='ocr_par' dir='ltr' id='par_1_4' title="bbox 124 1486 818 1672">
     <span class='ocr_line' id='line_1_24' title="bbox 124 1486 818 1534; baseline 0.001 -10"><span class='ocrx_word' id='word_1_205' title='bbox 124 1486 219 1525; x_wconf 81' lang='lat' dir='ltr'>keit’.</span> <span class='ocrx_word' id='word_1_206' title='bbox 245 1510 290 1515; x_wconf 96' lang='lat'><strong>—</strong></span> <span class='ocrx_word' id='word_1_207' title='bbox 322 1493 545 1534; x_wconf 76' lang='lat' dir='ltr'>tutaremini]</span> <span class='ocrx_word' id='word_1_208' title='bbox 579 1492 637 1525; x_wconf 89' lang='lat' dir='ltr'>hat</span> <span class='ocrx_word' id='word_1_209' title='bbox 669 1492 741 1526; x_wconf 89' lang='lat' dir='ltr'>sich</span> <span class='ocrx_word' id='word_1_210' title='bbox 775 1503 818 1525; x_wconf 86' lang='lat' dir='ltr'>an</span> 
     </span>
     <span class='ocr_line' id='line_1_25' title="bbox 129 1536 818 1581; baseline 0.001 -11"><span class='ocrx_word' id='word_1_211' title='bbox 129 1536 326 1571; x_wconf 74' lang='lat' dir='ltr'>Tusculani</span> <span class='ocrx_word' id='word_1_212' title='bbox 351 1537 631 1581; x_wconf 84' lang='lat' dir='ltr'>angesehlossen,</span> <span class='ocrx_word' id='word_1_213' title='bbox 657 1538 818 1580; x_wconf 78' lang='lat' dir='ltr'>obgleich</span> 
     </span>
     <span class='ocr_line' id='line_1_26' title="bbox 125 1579 818 1626; baseline 0.001 -10"><span class='ocrx_word' id='word_1_214' title='bbox 125 1583 193 1616; x_wconf 86' lang='lat' dir='ltr'>soli</span> <span class='ocrx_word' id='word_1_215' title='bbox 218 1584 273 1617; x_wconf 90' lang='lat' dir='ltr'>ein</span> <span class='ocrx_word' id='word_1_216' title='bbox 293 1583 518 1626; x_wconf 85' lang='lat' dir='ltr'>allgemeines</span> <span class='ocrx_word' id='word_1_217' title='bbox 536 1579 818 1617; x_wconf 69' lang='lat' dir='ltr'>Pradikat‘man&#39;</span> 
     </span>
     <span class='ocr_line' id='line_1_27' title="bbox 127 1630 818 1672; baseline 0.003 -11"><span class='ocrx_word' id='word_1_218' title='bbox 127 1630 268 1672; x_wconf 83' lang='lat' dir='ltr'>(quibus</span> <span class='ocrx_word' id='word_1_219' title='bbox 279 1631 402 1662; x_wconf 84' lang='lat' dir='ltr'>resisti</span> <span class='ocrx_word' id='word_1_220' title='bbox 407 1632 540 1672; x_wconf 83' lang='lat' dir='ltr'>posset)</span> <span class='ocrx_word' id='word_1_221' title='bbox 550 1635 718 1663; x_wconf 86' lang='lat' dir='ltr'>erwarten</span> <span class='ocrx_word' id='word_1_222' title='bbox 729 1630 818 1664; x_wconf 87' lang='lat' dir='ltr'>liess.</span> 
     </span>
    </p>

    <p class='ocr_par' dir='ltr' id='par_1_5' title="bbox 125 1674 820 2223">
     <span class='ocr_line' id='line_1_28' title="bbox 173 1674 818 1720; baseline 0.005 -12"><span class='ocrx_word' id='word_1_223' title='bbox 173 1676 204 1708; x_wconf 87' lang='lat'>2.</span> <span class='ocrx_word' id='word_1_224' title='bbox 229 1685 303 1708; x_wconf 85' lang='lat' dir='ltr'>non</span> <span class='ocrx_word' id='word_1_225' title='bbox 314 1674 554 1720; x_wconf 78' lang='lat' dir='ltr'>praecipiam]</span> <span class='ocrx_word' id='word_1_226' title='bbox 574 1687 600 1710; x_wconf 88' lang='lat' dir='ltr'>s.</span> <span class='ocrx_word' id='word_1_227' title='bbox 616 1677 670 1718; x_wconf 83' lang='lat'>22,</span> <span class='ocrx_word' id='word_1_228' title='bbox 687 1677 740 1717; x_wconf 81' lang='lat' dir='ltr'>3S,</span> <span class='ocrx_word' id='word_1_229' title='bbox 760 1678 818 1711; x_wconf 89' lang='lat'>11:</span> 
     </span>
     <span class='ocr_line' id='line_1_29' title="bbox 126 1724 819 1765; baseline 0.001 -11"><span class='ocrx_word' id='word_1_230' title='bbox 126 1732 183 1754; x_wconf 82' lang='lat' dir='ltr'>se.</span> <span class='ocrx_word' id='word_1_231' title='bbox 201 1747 207 1754; x_wconf 96' lang='lat'>.</span> <span class='ocrx_word' id='word_1_232' title='bbox 222 1732 262 1754; x_wconf 86' lang='lat' dir='ltr'>ea</span> <span class='ocrx_word' id='word_1_233' title='bbox 289 1724 372 1753; x_wconf 82' lang='lat' dir='ltr'>ante</span> <span class='ocrx_word' id='word_1_234' title='bbox 397 1724 535 1764; x_wconf 83' lang='lat' dir='ltr'>tempus</span> <span class='ocrx_word' id='word_1_235' title='bbox 555 1747 561 1753; x_wconf 94' lang='lat'><em>.</em></span> <span class='ocrx_word' id='word_1_236' title='bbox 583 1748 591 1756; x_wconf 93' lang='lat'>.</span> <span class='ocrx_word' id='word_1_237' title='bbox 606 1725 819 1765; x_wconf 79' lang='lat' dir='ltr'>praeceptu-</span> 
     </span>
     <span class='ocr_line' id='line_1_30' title="bbox 125 1765 820 1809; baseline 0.004 -10"><span class='ocrx_word' id='word_1_238' title='bbox 125 1777 219 1802; x_wconf 81' lang='lat' dir='ltr'>rum.</span> <span class='ocrx_word' id='word_1_239' title='bbox 268 1765 435 1809; x_wconf 83' lang='lat' dir='ltr'>Obgleich</span> <span class='ocrx_word' id='word_1_240' title='bbox 459 1767 515 1801; x_wconf 89' lang='lat' dir='ltr'>die</span> <span class='ocrx_word' id='word_1_241' title='bbox 532 1766 740 1802; x_wconf 85' lang='lat' dir='ltr'>Feldberren</span> <span class='ocrx_word' id='word_1_242' title='bbox 765 1767 820 1802; x_wconf 89' lang='lat' dir='ltr'>die</span> 
     </span>
     <span class='ocr_line' id='line_1_31' title="bbox 130 1812 820 1856; baseline 0.003 -11"><span class='ocrx_word' id='word_1_243' title='bbox 130 1812 325 1846; x_wconf 86' lang='lat' dir='ltr'>Vollmacht</span> <span class='ocrx_word' id='word_1_244' title='bbox 343 1812 466 1856; x_wconf 88' lang='lat' dir='ltr'>haben,</span> <span class='ocrx_word' id='word_1_245' title='bbox 483 1812 674 1856; x_wconf 72' lang='lat' dir='ltr'>vorlaufige</span> <span class='ocrx_word' id='word_1_246' title='bbox 688 1814 820 1847; x_wconf 82' lang='lat' dir='ltr'>Anord-</span> 
     </span>
     <span class='ocr_line' id='line_1_32' title="bbox 127 1858 819 1901; baseline 0.004 -10"><span class='ocrx_word' id='word_1_247' title='bbox 127 1868 264 1901; x_wconf 86' lang='lat' dir='ltr'>nungen</span> <span class='ocrx_word' id='word_1_248' title='bbox 280 1869 323 1892; x_wconf 91' lang='lat' dir='ltr'>zu</span> <span class='ocrx_word' id='word_1_249' title='bbox 337 1858 468 1900; x_wconf 83' lang='lat' dir='ltr'>treffen,</span> <span class='ocrx_word' id='word_1_250' title='bbox 493 1869 532 1892; x_wconf 93' lang='lat' dir='ltr'>so</span> <span class='ocrx_word' id='word_1_251' title='bbox 545 1859 714 1893; x_wconf 69' lang='lat' dir='ltr'>fiberlal&#39;st</span> <span class='ocrx_word' id='word_1_252' title='bbox 730 1859 819 1894; x_wconf 88' lang='lat' dir='ltr'>doch</span> 
     </span>
     <span class='ocr_line' id='line_1_33' title="bbox 128 1904 819 1949; baseline 0.004 -12"><span class='ocrx_word' id='word_1_253' title='bbox 128 1904 290 1938; x_wconf 87' lang='lat' dir='ltr'>Camillus</span> <span class='ocrx_word' id='word_1_254' title='bbox 325 1904 379 1938; x_wconf 91' lang='lat' dir='ltr'>die</span> <span class='ocrx_word' id='word_1_255' title='bbox 408 1915 517 1948; x_wconf 83' lang='lat' dir='ltr'>ganze</span> <span class='ocrx_word' id='word_1_256' title='bbox 541 1905 819 1949; x_wconf 84' lang='lat' dir='ltr'>Angelegenheit</span> 
     </span>
     <span class='ocr_line' id='line_1_34' title="bbox 127 1949 817 1992; baseline 0.003 -9"><span class='ocrx_word' id='word_1_257' title='bbox 127 1950 204 1984; x_wconf 86' lang='lat' dir='ltr'>dem</span> <span class='ocrx_word' id='word_1_258' title='bbox 238 1949 384 1992; x_wconf 87' lang='lat' dir='ltr'>Senate,</span> <span class='ocrx_word' id='word_1_259' title='bbox 418 1951 525 1984; x_wconf 86' lang='lat' dir='ltr'>damit</span> <span class='ocrx_word' id='word_1_260' title='bbox 555 1951 678 1985; x_wconf 90' lang='lat' dir='ltr'>dessen</span> <span class='ocrx_word' id='word_1_261' title='bbox 712 1951 817 1986; x_wconf 87' lang='lat' dir='ltr'>Milde</span> 
     </span>
     <span class='ocr_line' id='line_1_35' title="bbox 127 1995 816 2041; baseline 0.001 -12"><span class='ocrx_word' id='word_1_262' title='bbox 127 1995 273 2030; x_wconf 86' lang='lat' dir='ltr'>erkannt</span> <span class='ocrx_word' id='word_1_263' title='bbox 305 1996 445 2030; x_wconf 87' lang='lat' dir='ltr'>werden</span> <span class='ocrx_word' id='word_1_264' title='bbox 476 1996 602 2031; x_wconf 76' lang='lat' dir='ltr'>konne.</span> <span class='ocrx_word' id='word_1_265' title='bbox 633 2017 679 2022; x_wconf 89' lang='lat'><strong>—</strong></span> <span class='ocrx_word' id='word_1_266' title='bbox 712 2009 816 2041; x_wconf 81' lang='lat' dir='ltr'>quem</span> 
     </span>
     <span class='ocr_line' id='line_1_36' title="bbox 126 2043 820 2083; baseline 0.003 -8"><span class='ocrx_word' id='word_1_267' title='bbox 126 2043 319 2083; x_wconf 78' lang='lat' dir='ltr'>videbitur]</span> <span class='ocrx_word' id='word_1_268' title='bbox 357 2043 461 2076; x_wconf 70' lang='lat' dir='ltr'>naml.</span> <span class='ocrx_word' id='word_1_269' title='bbox 495 2043 583 2076; x_wconf 81' lang='lat' dir='ltr'>dare</span> <span class='ocrx_word' id='word_1_270' title='bbox 616 2043 699 2077; x_wconf 88' lang='lat' dir='ltr'>oder</span> <span class='ocrx_word' id='word_1_271' title='bbox 732 2045 820 2077; x_wconf 83' lang='lat' dir='ltr'>dan-</span> 
     </span>
     <span class='ocr_line' id='line_1_37' title="bbox 128 2088 818 2132; baseline 0.006 -12"><span class='ocrx_word' id='word_1_272' title='bbox 128 2088 214 2121; x_wconf 88' lang='lat' dir='ltr'>dum</span> <span class='ocrx_word' id='word_1_273' title='bbox 237 2099 325 2128; x_wconf 80' lang='lat' dir='ltr'>esse;</span> <span class='ocrx_word' id='word_1_274' title='bbox 353 2088 424 2132; x_wconf 85' lang='lat' dir='ltr'>vgl.</span> <span class='ocrx_word' id='word_1_275' title='bbox 451 2090 483 2131; x_wconf 88' lang='lat'>5,</span> <span class='ocrx_word' id='word_1_276' title='bbox 508 2090 570 2131; x_wconf 86' lang='lat'>20,</span> <span class='ocrx_word' id='word_1_277' title='bbox 597 2092 655 2128; x_wconf 83' lang='lat'>10;</span> <span class='ocrx_word' id='word_1_278' title='bbox 681 2091 736 2131; x_wconf 87' lang='lat'>23,</span> <span class='ocrx_word' id='word_1_279' title='bbox 763 2092 818 2132; x_wconf 87' lang='grc'>34,</span> 
     </span>
     <span class='ocr_line' id='line_1_38' title="bbox 131 2135 817 2178; baseline 0.003 -10"><span class='ocrx_word' id='word_1_280' title='bbox 131 2136 188 2175; x_wconf 88' lang='grc'>14;</span> <span class='ocrx_word' id='word_1_281' title='bbox 216 2135 273 2177; x_wconf 86' lang='grc'>31,</span> <span class='ocrx_word' id='word_1_282' title='bbox 298 2135 329 2175; x_wconf 87' lang='lat'>3,</span> <span class='ocrx_word' id='word_1_283' title='bbox 354 2136 391 2172; x_wconf 85' lang='lat'>2;</span> <span class='ocrx_word' id='word_1_284' title='bbox 416 2136 472 2176; x_wconf 90' lang='lat'>33,</span> <span class='ocrx_word' id='word_1_285' title='bbox 495 2136 550 2177; x_wconf 83' lang='lat'>26,</span> <span class='ocrx_word' id='word_1_286' title='bbox 569 2136 605 2174; x_wconf 81' lang='lat'>3;</span> <span class='ocrx_word' id='word_1_287' title='bbox 634 2136 688 2178; x_wconf 86' lang='grc'>43,</span> <span class='ocrx_word' id='word_1_288' title='bbox 713 2138 817 2178; x_wconf 83' lang='grc'>15,4;</span> 
     </span>
     <span class='ocr_line' id='line_1_39' title="bbox 128 2180 739 2223; baseline 0.003 -9"><span class='ocrx_word' id='word_1_289' title='bbox 128 2182 184 2222; x_wconf 88' lang='grc'>44,</span> <span class='ocrx_word' id='word_1_290' title='bbox 212 2181 265 2222; x_wconf 88' lang='lat'>18,</span> <span class='ocrx_word' id='word_1_291' title='bbox 291 2181 330 2219; x_wconf 81' lang='lat'>5;</span> <span class='ocrx_word' id='word_1_292' title='bbox 357 2180 427 2223; x_wconf 83' lang='lat' dir='ltr'>vgl.</span> <span class='ocrx_word' id='word_1_293' title='bbox 453 2191 496 2213; x_wconf 90' lang='lat' dir='ltr'>zu</span> <span class='ocrx_word' id='word_1_294' title='bbox 523 2183 577 2222; x_wconf 86' lang='lat'>34,</span> <span class='ocrx_word' id='word_1_295' title='bbox 604 2184 657 2218; x_wconf 83' lang='lat'>56.</span> <span class='ocrx_word' id='word_1_296' title='bbox 686 2183 739 2215; x_wconf 85' lang='lat'>13.</span> 
     </span>
    </p>

    <p class='ocr_par' dir='ltr' id='par_1_6' title="bbox 128 2226 823 2405">
     <span class='ocr_line' id='line_1_40' title="bbox 175 2226 821 2270; baseline 0.002 -9"><span class='ocrx_word' id='word_1_297' title='bbox 175 2228 208 2261; x_wconf 88' lang='lat'>3.</span> <span class='ocrx_word' id='word_1_298' title='bbox 231 2228 458 2269; x_wconf 79' lang='lat' dir='ltr'>senatusque]</span> <span class='ocrx_word' id='word_1_299' title='bbox 484 2226 544 2260; x_wconf 87' lang='lat' dir='ltr'>der</span> <span class='ocrx_word' id='word_1_300' title='bbox 568 2237 676 2270; x_wconf 77' lang='lat' dir='ltr'>ganze</span> <span class='ocrx_word' id='word_1_301' title='bbox 703 2227 821 2270; x_wconf 84' lang='lat' dir='ltr'>Senat,</span> 
     </span>
     <span class='ocr_line' id='line_1_41' title="bbox 128 2272 823 2317; baseline 0.003 -12"><span class='ocrx_word' id='word_1_302' title='bbox 128 2272 224 2305; x_wconf 88' lang='lat' dir='ltr'>nicht</span> <span class='ocrx_word' id='word_1_303' title='bbox 247 2272 316 2305; x_wconf 84' lang='lat' dir='ltr'>wie</span> <span class='ocrx_word' id='word_1_304' title='bbox 342 2276 439 2305; x_wconf 86' lang='lat' dir='ltr'>sonst</span> <span class='ocrx_word' id='word_1_305' title='bbox 463 2272 620 2307; x_wconf 87' lang='lat' dir='ltr'>einzelne</span> <span class='ocrx_word' id='word_1_306' title='bbox 643 2273 823 2317; x_wconf 85' lang='lat' dir='ltr'>Abgeord-</span> 
     </span>
     <span class='ocr_line' id='line_1_42' title="bbox 128 2318 821 2361; baseline 0.003 -10"><span class='ocrx_word' id='word_1_307' title='bbox 128 2322 219 2351; x_wconf 82' lang='lat' dir='ltr'>nete.</span> <span class='ocrx_word' id='word_1_308' title='bbox 246 2337 289 2342; x_wconf 87' lang='lat'>——</span> <span class='ocrx_word' id='word_1_309' title='bbox 315 2318 545 2361; x_wconf 76' lang='lat' dir='ltr'>hospitaliter</span> <span class='ocrx_word' id='word_1_310' title='bbox 570 2345 577 2353; x_wconf 91' lang='lat'><strong>.</strong></span> <span class='ocrx_word' id='word_1_311' title='bbox 594 2344 602 2353; x_wconf 92' lang='lat'><strong>.</strong></span> <span class='ocrx_word' id='word_1_312' title='bbox 628 2320 821 2361; x_wconf 77' lang='lat' dir='ltr'>hostiliter]</span> 
     </span>
     <span class='ocr_line' id='line_1_43' title="bbox 128 2365 421 2405; baseline 0.003 -8"><span class='ocrx_word' id='word_1_313' title='bbox 128 2374 156 2397; x_wconf 89' lang='lat' dir='ltr'>s.</span> <span class='ocrx_word' id='word_1_314' title='bbox 181 2374 224 2397; x_wconf 89' lang='lat' dir='ltr'>zu</span> <span class='ocrx_word' id='word_1_315' title='bbox 253 2366 282 2405; x_wconf 92' lang='lat'>1,</span> <span class='ocrx_word' id='word_1_316' title='bbox 308 2365 362 2404; x_wconf 85' lang='lat'>58,</span> <span class='ocrx_word' id='word_1_317' title='bbox 390 2365 421 2398; x_wconf 87' lang='grc'>8.</span> 
     </span>
    </p>

    <p class='ocr_par' dir='ltr' id='par_1_7' title="bbox 129 2409 825 2637">
     <span class='ocr_line' id='line_1_44' title="bbox 175 2409 825 2452; baseline 0 -9"><span class='ocrx_word' id='word_1_318' title='bbox 175 2411 208 2443; x_wconf 84' lang='grc'>4.</span> <span class='ocrx_word' id='word_1_319' title='bbox 235 2409 403 2450; x_wconf 82' lang='lat' dir='ltr'>dictator]</span> <span class='ocrx_word' id='word_1_320' title='bbox 430 2419 456 2443; x_wconf 91' lang='lat' dir='ltr'>S.</span> <span class='ocrx_word' id='word_1_321' title='bbox 474 2411 597 2452; x_wconf 84' lang='lat'>13,18‚</span> <span class='ocrx_word' id='word_1_322' title='bbox 613 2411 644 2444; x_wconf 83' lang='lat'>2.</span> <span class='ocrx_word' id='word_1_323' title='bbox 658 2429 703 2435; x_wconf 91' lang='lat'>—</span> <span class='ocrx_word' id='word_1_324' title='bbox 727 2413 825 2444; x_wconf 81' lang='lat' dir='ltr'>sicut</span> 
     </span>
     <span class='ocr_line' id='line_1_45' title="bbox 130 2455 821 2499; baseline 0.004 -12"><span class='ocrx_word' id='word_1_325' title='bbox 130 2479 138 2487; x_wconf 93' lang='lat'><em>.</em></span> <span class='ocrx_word' id='word_1_326' title='bbox 161 2479 170 2489; x_wconf 86' lang='lat'><em>.</em></span> <span class='ocrx_word' id='word_1_327' title='bbox 194 2457 339 2496; x_wconf 73' lang='lat' dir='ltr'>stantes]</span> <span class='ocrx_word' id='word_1_328' title='bbox 371 2455 403 2488; x_wconf 91' lang='lat' dir='ltr'>d.</span> <span class='ocrx_word' id='word_1_329' title='bbox 429 2455 462 2489; x_wconf 90' lang='lat' dir='ltr'>h.</span> <span class='ocrx_word' id='word_1_330' title='bbox 488 2456 618 2490; x_wconf 86' lang='lat' dir='ltr'>ebenso</span> <span class='ocrx_word' id='word_1_331' title='bbox 652 2456 821 2499; x_wconf 70' lang='lat' dir='ltr'>iriedlich,</span> 
     </span>
     <span class='ocr_line' id='line_1_46' title="bbox 129 2499 822 2546; baseline 0.004 -13"><span class='ocrx_word' id='word_1_332' title='bbox 129 2499 165 2533; x_wconf 87' lang='lat' dir='ltr'>in</span> <span class='ocrx_word' id='word_1_333' title='bbox 196 2501 284 2534; x_wconf 88' lang='lat' dir='ltr'>eben</span> <span class='ocrx_word' id='word_1_334' title='bbox 318 2501 517 2535; x_wconf 86' lang='lat' dir='ltr'>demselben</span> <span class='ocrx_word' id='word_1_335' title='bbox 547 2502 722 2546; x_wconf 77' lang='lat' dir='ltr'>Aufzuge3</span> <span class='ocrx_word' id='word_1_336' title='bbox 762 2503 822 2536; x_wconf 88' lang='lat' dir='ltr'>der</span> 
     </span>
     <span class='ocr_line' id='line_1_47' title="bbox 130 2544 822 2590; baseline 0.004 -12"><span class='ocrx_word' id='word_1_337' title='bbox 130 2544 335 2580; x_wconf 86' lang='lat' dir='ltr'>Nachdruck</span> <span class='ocrx_word' id='word_1_338' title='bbox 365 2546 450 2590; x_wconf 83' lang='lat' dir='ltr'>liegt</span> <span class='ocrx_word' id='word_1_339' title='bbox 485 2547 546 2581; x_wconf 86' lang='lat' dir='ltr'>auf</span> <span class='ocrx_word' id='word_1_340' title='bbox 567 2550 672 2582; x_wconf 82' lang='lat' dir='ltr'>sicut.</span> <span class='ocrx_word' id='word_1_341' title='bbox 704 2567 749 2572; x_wconf 90' lang='lat'>—</span> <span class='ocrx_word' id='word_1_342' title='bbox 782 2550 822 2581; x_wconf 83' lang='lat' dir='ltr'>in</span> 
     </span>
     <span class='ocr_line' id='line_1_48' title="bbox 130 2592 820 2637; baseline 0.009 -14"><span class='ocrx_word' id='word_1_343' title='bbox 130 2592 316 2633; x_wconf 78' lang='lat' dir='ltr'>vestibulo]</span> <span class='ocrx_word' id='word_1_344' title='bbox 343 2602 369 2626; x_wconf 86' lang='lat' dir='ltr'>s.</span> <span class='ocrx_word' id='word_1_345' title='bbox 396 2594 436 2635; x_wconf 88' lang='lat'>2,</span> <span class='ocrx_word' id='word_1_346' title='bbox 459 2594 522 2635; x_wconf 84' lang='lat'>48,</span> <span class='ocrx_word' id='word_1_347' title='bbox 550 2596 666 2636; x_wconf 55' lang='lat'>1055,</span> <span class='ocrx_word' id='word_1_348' title='bbox 693 2596 754 2637; x_wconf 89' lang='grc'>41,</span> <span class='ocrx_word' id='word_1_349' title='bbox 782 2596 820 2634; x_wconf 81' lang='grc'>8;</span> 
     </span>
    </p>
   </div>
   <div class='ocr_carea' id='block_1_5' title="bbox 887 1491 1584 2637">
    <p class='ocr_par' dir='ltr' id='par_1_8' title="bbox 891 1491 1581 1581">
     <span class='ocr_line' id='line_1_49' title="bbox 891 1491 1581 1533; baseline 0 -7"><span class='ocrx_word' id='word_1_350' title='bbox 891 1503 953 1526; x_wconf 92' lang='lat' dir='ltr'>nur</span> <span class='ocrx_word' id='word_1_351' title='bbox 979 1492 1039 1526; x_wconf 87' lang='lat' dir='ltr'>der</span> <span class='ocrx_word' id='word_1_352' title='bbox 1063 1491 1221 1527; x_wconf 84' lang='lat' dir='ltr'>Diktator</span> <span class='ocrx_word' id='word_1_353' title='bbox 1246 1493 1290 1527; x_wconf 91' lang='lat' dir='ltr'>ist</span> <span class='ocrx_word' id='word_1_354' title='bbox 1316 1494 1350 1526; x_wconf 90' lang='lat' dir='ltr'>in</span> <span class='ocrx_word' id='word_1_355' title='bbox 1377 1492 1437 1527; x_wconf 89' lang='lat' dir='ltr'>der</span> <span class='ocrx_word' id='word_1_356' title='bbox 1461 1492 1581 1533; x_wconf 86' lang='lat' dir='ltr'>Kurie;</span> 
     </span>
     <span class='ocr_line' id='line_1_50' title="bbox 892 1540 1115 1581; baseline -0.004 -9"><span class='ocrx_word' id='word_1_357' title='bbox 892 1549 918 1572; x_wconf 87' lang='lat' dir='ltr'>s.</span> <span class='ocrx_word' id='word_1_358' title='bbox 947 1541 976 1581; x_wconf 78' lang='grc' dir='ltr'>ἵ,</span> <span class='ocrx_word' id='word_1_359' title='bbox 1003 1540 1057 1581; x_wconf 88' lang='grc'>31,</span> <span class='ocrx_word' id='word_1_360' title='bbox 1085 1541 1115 1572; x_wconf 86' lang='lat'>5.</span> 
     </span>
    </p>

    <p class='ocr_par' dir='ltr' id='par_1_9' title="bbox 887 1583 1584 2088">
     <span class='ocr_line' id='line_1_51' title="bbox 937 1583 1582 1627; baseline 0 -9"><span class='ocrx_word' id='word_1_361' title='bbox 937 1587 967 1618; x_wconf 89' lang='lat'>5.</span> <span class='ocrx_word' id='word_1_362' title='bbox 994 1587 1118 1617; x_wconf 80' lang='lat' dir='ltr'>noster</span> <span class='ocrx_word' id='word_1_363' title='bbox 1135 1610 1142 1617; x_wconf 94' lang='lat'>.</span> <span class='ocrx_word' id='word_1_364' title='bbox 1159 1611 1166 1618; x_wconf 90' lang='lat'><strong>.</strong></span> <span class='ocrx_word' id='word_1_365' title='bbox 1190 1584 1314 1627; x_wconf 86' lang='lat' dir='ltr'>plebis]</span> <span class='ocrx_word' id='word_1_366' title='bbox 1340 1585 1428 1617; x_wconf 89' lang='lat' dir='ltr'>zwei</span> <span class='ocrx_word' id='word_1_367' title='bbox 1455 1583 1582 1618; x_wconf 74' lang='lat' dir='ltr'>Stande</span> 
     </span>
     <span class='ocr_line' id='line_1_52' title="bbox 890 1629 1582 1664; baseline 0 -2"><span class='ocrx_word' id='word_1_368' title='bbox 890 1630 957 1663; x_wconf 84' lang='lat' dir='ltr'>wie</span> <span class='ocrx_word' id='word_1_369' title='bbox 983 1641 1024 1664; x_wconf 91' lang='lat' dir='ltr'>zu</span> <span class='ocrx_word' id='word_1_370' title='bbox 1043 1629 1129 1663; x_wconf 88' lang='lat' dir='ltr'>Rom</span> <span class='ocrx_word' id='word_1_371' title='bbox 1156 1630 1296 1663; x_wconf 86' lang='lat' dir='ltr'>werden</span> <span class='ocrx_word' id='word_1_372' title='bbox 1321 1630 1407 1663; x_wconf 86' lang='lat' dir='ltr'>auch</span> <span class='ocrx_word' id='word_1_373' title='bbox 1426 1634 1522 1664; x_wconf 87' lang='lat' dir='ltr'>sonst</span> <span class='ocrx_word' id='word_1_374' title='bbox 1548 1630 1582 1663; x_wconf 89' lang='lat' dir='ltr'>in</span> 
     </span>
     <span class='ocr_line' id='line_1_53' title="bbox 891 1675 1580 1716; baseline 0 -7"><span class='ocrx_word' id='word_1_375' title='bbox 891 1676 956 1709; x_wconf 87' lang='lat' dir='ltr'>den</span> <span class='ocrx_word' id='word_1_376' title='bbox 989 1676 1196 1710; x_wconf 86' lang='lat' dir='ltr'>latinischen</span> <span class='ocrx_word' id='word_1_377' title='bbox 1230 1675 1374 1709; x_wconf 70' lang='lat' dir='ltr'>Stadten</span> <span class='ocrx_word' id='word_1_378' title='bbox 1406 1676 1580 1716; x_wconf 78' lang='lat' dir='ltr'>erw&#39;ahnt3</span> 
     </span>
     <span class='ocr_line' id='line_1_54' title="bbox 890 1722 1582 1764; baseline -0.001 -9"><span class='ocrx_word' id='word_1_379' title='bbox 890 1732 917 1755; x_wconf 85' lang='lat' dir='ltr'>s.</span> <span class='ocrx_word' id='word_1_380' title='bbox 946 1724 975 1762; x_wconf 88' lang='lat'>1,</span> <span class='ocrx_word' id='word_1_381' title='bbox 1003 1724 1057 1764; x_wconf 78' lang='lat'>28,</span> <span class='ocrx_word' id='word_1_382' title='bbox 1084 1725 1101 1756; x_wconf 79' lang='lat' dir='ltr'>&#39;i&#39;</span> <span class='ocrx_word' id='word_1_383' title='bbox 1129 1733 1162 1755; x_wconf 91' lang='lat' dir='ltr'>u.</span> <span class='ocrx_word' id='word_1_384' title='bbox 1189 1732 1218 1755; x_wconf 81' lang='lat' dir='ltr'>a.</span> <span class='ocrx_word' id='word_1_385' title='bbox 1244 1742 1288 1745; x_wconf 97' lang='lat'><strong>—</strong></span> <span class='ocrx_word' id='word_1_386' title='bbox 1320 1724 1459 1763; x_wconf 78' lang='lat' dir='ltr'>nisisi]</span> <span class='ocrx_word' id='word_1_387' title='bbox 1495 1722 1582 1755; x_wconf 79' lang='lat' dir='ltr'>voll-</span> 
     </span>
     <span class='ocr_line' id='line_1_55' title="bbox 892 1768 1583 1811; baseline -0.001 -10"><span class='ocrx_word' id='word_1_388' title='bbox 892 1768 1045 1811; x_wconf 67' lang='lat' dir='ltr'>standig:</span> <span class='ocrx_word' id='word_1_389' title='bbox 1092 1770 1165 1801; x_wconf 83' lang='lat' dir='ltr'>nisi</span> <span class='ocrx_word' id='word_1_390' title='bbox 1204 1768 1347 1810; x_wconf 84' lang='lat' dir='ltr'>quando</span> <span class='ocrx_word' id='word_1_391' title='bbox 1384 1779 1487 1800; x_wconf 72' lang='lat' dir='ltr'>arma</span> <span class='ocrx_word' id='word_1_392' title='bbox 1525 1779 1583 1800; x_wconf 85' lang='lat' dir='ltr'>ca—</span> 
     </span>
     <span class='ocr_line' id='line_1_56' title="bbox 889 1815 1582 1857; baseline 0.001 -11"><span class='ocrx_word' id='word_1_393' title='bbox 889 1815 1022 1857; x_wconf 82' lang='lat' dir='ltr'>pienda</span> <span class='ocrx_word' id='word_1_394' title='bbox 1047 1818 1150 1855; x_wconf 86' lang='lat' dir='ltr'>sunt,</span> <span class='ocrx_word' id='word_1_395' title='bbox 1183 1816 1215 1846; x_wconf 84' lang='lat' dir='ltr'>si</span> <span class='ocrx_word' id='word_1_396' title='bbox 1246 1826 1267 1847; x_wconf 86' lang='grc' dir='ltr'><em>α</em></span> <span class='ocrx_word' id='word_1_397' title='bbox 1302 1815 1397 1847; x_wconf 77' lang='lat' dir='ltr'>vobis</span> <span class='ocrx_word' id='word_1_398' title='bbox 1423 1828 1470 1852; x_wconf 83' lang='lat'>..;</span> <span class='ocrx_word' id='word_1_399' title='bbox 1505 1824 1582 1847; x_wconf 88' lang='lat' dir='ltr'>zum</span> 
     </span>
     <span class='ocr_line' id='line_1_57' title="bbox 891 1859 1582 1903; baseline 0.003 -10"><span class='ocrx_word' id='word_1_400' title='bbox 891 1859 1076 1893; x_wconf 85' lang='lat' dir='ltr'>Gedanken</span> <span class='ocrx_word' id='word_1_401' title='bbox 1102 1870 1129 1893; x_wconf 90' lang='lat' dir='ltr'>s.</span> <span class='ocrx_word' id='word_1_402' title='bbox 1157 1859 1239 1893; x_wconf 88' lang='lat' dir='ltr'>Sall.</span> <span class='ocrx_word' id='word_1_403' title='bbox 1264 1859 1342 1903; x_wconf 85' lang='lat' dir='ltr'>Jug.</span> <span class='ocrx_word' id='word_1_404' title='bbox 1372 1862 1425 1901; x_wconf 75' lang='lat'>14,</span> <span class='ocrx_word' id='word_1_405' title='bbox 1460 1862 1511 1895; x_wconf 89' lang='grc'><strong>10.</strong></span> <span class='ocrx_word' id='word_1_406' title='bbox 1537 1879 1582 1884; x_wconf 83' lang='lat'>-—</span> 
     </span>
     <span class='ocr_line' id='line_1_58' title="bbox 889 1905 1583 1949; baseline 0.001 -11"><span class='ocrx_word' id='word_1_407' title='bbox 889 1908 1050 1948; x_wconf 75' lang='lat' dir='ltr'>auribus]</span> <span class='ocrx_word' id='word_1_408' title='bbox 1071 1906 1102 1940; x_wconf 91' lang='lat' dir='ltr'>d.</span> <span class='ocrx_word' id='word_1_409' title='bbox 1120 1907 1152 1939; x_wconf 92' lang='lat' dir='ltr'>h.</span> <span class='ocrx_word' id='word_1_410' title='bbox 1168 1906 1233 1939; x_wconf 88' lang='lat' dir='ltr'>den</span> <span class='ocrx_word' id='word_1_411' title='bbox 1246 1906 1427 1949; x_wconf 78' lang='lat' dir='ltr'>Aussagen</span> <span class='ocrx_word' id='word_1_412' title='bbox 1445 1906 1505 1940; x_wconf 88' lang='lat' dir='ltr'>der</span> <span class='ocrx_word' id='word_1_413' title='bbox 1519 1905 1583 1939; x_wconf 89' lang='lat' dir='ltr'>Ge-</span> 
     </span>
     <span class='ocr_line' id='line_1_59' title="bbox 888 1952 1584 1995; baseline -0.001 -10"><span class='ocrx_word' id='word_1_414' title='bbox 888 1952 1074 1995; x_wconf 87' lang='lat' dir='ltr'>fangenen;</span> <span class='ocrx_word' id='word_1_415' title='bbox 1094 1963 1120 1986; x_wconf 92' lang='lat' dir='ltr'>s.</span> <span class='ocrx_word' id='word_1_416' title='bbox 1139 1954 1192 1994; x_wconf 78' lang='lat'>25,</span> <span class='ocrx_word' id='word_1_417' title='bbox 1209 1955 1239 1986; x_wconf 84' lang='lat'>1.</span> <span class='ocrx_word' id='word_1_418' title='bbox 1261 1972 1306 1975; x_wconf 97' lang='lat'><strong>—</strong></span> <span class='ocrx_word' id='word_1_419' title='bbox 1323 1954 1397 1994; x_wconf 80' lang='lat' dir='ltr'>ubi]</span> <span class='ocrx_word' id='word_1_420' title='bbox 1422 1968 1466 1980; x_wconf 94' lang='lat'><strong>=</strong></span> <span class='ocrx_word' id='word_1_421' title='bbox 1485 1953 1584 1995; x_wconf 81' lang='lat' dir='ltr'>apud</span> 
     </span>
     <span class='ocr_line' id='line_1_60' title="bbox 888 1997 1582 2042; baseline 0 -11"><span class='ocrx_word' id='word_1_422' title='bbox 888 2009 992 2041; x_wconf 86' lang='lat' dir='ltr'>quos;</span> <span class='ocrx_word' id='word_1_423' title='bbox 1018 1999 1052 2032; x_wconf 91' lang='lat' dir='ltr'>in</span> <span class='ocrx_word' id='word_1_424' title='bbox 1072 1998 1240 2042; x_wconf 85' lang='lat' dir='ltr'>gleichem</span> <span class='ocrx_word' id='word_1_425' title='bbox 1260 1997 1365 2031; x_wconf 85' lang='lat' dir='ltr'>Sinne</span> <span class='ocrx_word' id='word_1_426' title='bbox 1390 1999 1434 2032; x_wconf 88' lang='lat' dir='ltr'>ist</span> <span class='ocrx_word' id='word_1_427' title='bbox 1452 2000 1504 2031; x_wconf 84' lang='lat' dir='ltr'>ibi</span> <span class='ocrx_word' id='word_1_428' title='bbox 1520 2009 1582 2031; x_wconf 65' lang='lat' dir='ltr'>vor</span> 
     </span>
     <span class='ocr_line' id='line_1_61' title="bbox 887 2043 1328 2088; baseline 0 -11"><span class='ocrx_word' id='word_1_429' title='bbox 887 2055 933 2077; x_wconf 87' lang='lat' dir='ltr'>ne</span> <span class='ocrx_word' id='word_1_430' title='bbox 956 2046 1027 2088; x_wconf 82' lang='lat' dir='ltr'>ipsi</span> <span class='ocrx_word' id='word_1_431' title='bbox 1052 2069 1060 2078; x_wconf 93' lang='lat'>.</span> <span class='ocrx_word' id='word_1_432' title='bbox 1082 2071 1089 2078; x_wconf 92' lang='lat'><strong>.</strong></span> <span class='ocrx_word' id='word_1_433' title='bbox 1115 2055 1157 2078; x_wconf 93' lang='lat' dir='ltr'>zu</span> <span class='ocrx_word' id='word_1_434' title='bbox 1183 2043 1328 2077; x_wconf 86' lang='lat' dir='ltr'>denken.</span> 
     </span>
    </p>

    <p class='ocr_par' dir='ltr' id='par_1_10' title="bbox 890 2090 1581 2315">
     <span class='ocr_line' id='line_1_62' title="bbox 936 2090 1580 2133; baseline -0.006 -9"><span class='ocrx_word' id='word_1_435' title='bbox 936 2092 966 2124; x_wconf 86' lang='lat'>6.</span> <span class='ocrx_word' id='word_1_436' title='bbox 993 2102 1014 2124; x_wconf 88' lang='grc' dir='ltr'><em>α</em></span> <span class='ocrx_word' id='word_1_437' title='bbox 1040 2092 1150 2131; x_wconf 81' lang='lat' dir='ltr'>vobis]</span> <span class='ocrx_word' id='word_1_438' title='bbox 1177 2091 1244 2123; x_wconf 88' lang='lat' dir='ltr'>wie</span> <span class='ocrx_word' id='word_1_439' title='bbox 1265 2091 1381 2133; x_wconf 79' lang='lat' dir='ltr'>sp&#39;ater</span> <span class='ocrx_word' id='word_1_440' title='bbox 1406 2090 1461 2123; x_wconf 85' lang='lat' dir='ltr'>die</span> <span class='ocrx_word' id='word_1_441' title='bbox 1479 2091 1580 2129; x_wconf 78' lang='lat' dir='ltr'>socii,</span> 
     </span>
     <span class='ocr_line' id='line_1_63' title="bbox 890 2135 1581 2177; baseline -0.001 -8"><span class='ocrx_word' id='word_1_442' title='bbox 890 2135 1144 2175; x_wconf 72' lang='lat' dir='ltr'>L&#39;nterthanem</span> <span class='ocrx_word' id='word_1_443' title='bbox 1171 2147 1196 2170; x_wconf 83' lang='lat' dir='ltr'>S.</span> <span class='ocrx_word' id='word_1_444' title='bbox 1227 2138 1280 2176; x_wconf 79' lang='lat'>10,</span> <span class='ocrx_word' id='word_1_445' title='bbox 1301 2137 1338 2172; x_wconf 71' lang='lat'>62</span> <span class='ocrx_word' id='word_1_446' title='bbox 1366 2137 1396 2177; x_wconf 78' lang='lat'>3,</span> <span class='ocrx_word' id='word_1_447' title='bbox 1412 2138 1444 2176; x_wconf 88' lang='grc'>4,</span> <span class='ocrx_word' id='word_1_448' title='bbox 1462 2138 1513 2169; x_wconf 93' lang='grc'>11.</span> <span class='ocrx_word' id='word_1_449' title='bbox 1536 2154 1581 2158; x_wconf 85' lang='grc'>-</span> 
     </span>
     <span class='ocr_line' id='line_1_64' title="bbox 891 2182 1580 2223; baseline 0.001 -8"><span class='ocrx_word' id='word_1_450' title='bbox 891 2193 929 2215; x_wconf 86' lang='lat' dir='ltr'>eo</span> <span class='ocrx_word' id='word_1_451' title='bbox 964 2183 1080 2215; x_wconf 80' lang='lat' dir='ltr'>sicubi</span> <span class='ocrx_word' id='word_1_452' title='bbox 1113 2184 1175 2223; x_wconf 84' lang='lat' dir='ltr'>est]</span> <span class='ocrx_word' id='word_1_453' title='bbox 1211 2182 1373 2215; x_wconf 73' lang='lat' dir='ltr'>verksnzt</span> <span class='ocrx_word' id='word_1_454' title='bbox 1410 2186 1495 2214; x_wconf 83' lang='lat' dir='ltr'>statt</span> <span class='ocrx_word' id='word_1_455' title='bbox 1530 2192 1580 2216; x_wconf 73' lang='lat' dir='ltr'>eo,</span> 
     </span>
     <span class='ocr_line' id='line_1_65' title="bbox 891 2225 1580 2270; baseline -0.004 -9"><span class='ocrx_word' id='word_1_456' title='bbox 891 2230 954 2261; x_wconf 86' lang='lat' dir='ltr'>ubi</span> <span class='ocrx_word' id='word_1_457' title='bbox 974 2231 1038 2270; x_wconf 83' lang='lat' dir='ltr'>est,</span> <span class='ocrx_word' id='word_1_458' title='bbox 1056 2229 1173 2260; x_wconf 78' lang='lat' dir='ltr'>sicubi</span> <span class='ocrx_word' id='word_1_459' title='bbox 1193 2231 1253 2261; x_wconf 84' lang='lat' dir='ltr'>est.</span> <span class='ocrx_word' id='word_1_460' title='bbox 1268 2247 1311 2251; x_wconf 92' lang='lat'><strong>—</strong></span> <span class='ocrx_word' id='word_1_461' title='bbox 1338 2231 1411 2259; x_wconf 83' lang='lat' dir='ltr'>tam</span> <span class='ocrx_word' id='word_1_462' title='bbox 1431 2225 1525 2265; x_wconf 61' lang='lat' dir='ltr'>felix</span> <span class='ocrx_word' id='word_1_463' title='bbox 1539 2229 1580 2267; x_wconf 92' lang='lat'>..]</span> 
     </span>
     <span class='ocr_line' id='line_1_66' title="bbox 892 2273 1542 2315; baseline -0.008 -7"><span class='ocrx_word' id='word_1_464' title='bbox 892 2291 935 2303; x_wconf 91' lang='lat'><strong><em>=</em></strong></span> <span class='ocrx_word' id='word_1_465' title='bbox 961 2277 1035 2307; x_wconf 78' lang='lat' dir='ltr'>tam</span> <span class='ocrx_word' id='word_1_466' title='bbox 1060 2273 1154 2314; x_wconf 77' lang='lat' dir='ltr'>s&#39;elioe</span> <span class='ocrx_word' id='word_1_467' title='bbox 1177 2275 1234 2315; x_wconf 78' lang='lat' dir='ltr'>sit,</span> <span class='ocrx_word' id='word_1_468' title='bbox 1262 2284 1368 2315; x_wconf 83' lang='lat' dir='ltr'>quam</span> <span class='ocrx_word' id='word_1_469' title='bbox 1389 2274 1454 2314; x_wconf 84' lang='lat' dir='ltr'>pia</span> <span class='ocrx_word' id='word_1_470' title='bbox 1481 2275 1542 2304; x_wconf 85' lang='lat' dir='ltr'>est.</span> 
     </span>
    </p>

    <p class='ocr_par' dir='ltr' id='par_1_11' title="bbox 891 2318 1582 2637">
     <span class='ocr_line' id='line_1_67' title="bbox 939 2318 1582 2359; baseline -0.006 -5"><span class='ocrx_word' id='word_1_471' title='bbox 939 2323 970 2354; x_wconf 84' lang='lat'>7.</span> <span class='ocrx_word' id='word_1_472' title='bbox 997 2323 1148 2353; x_wconf 80' lang='lat' dir='ltr'>attinet.</span> <span class='ocrx_word' id='word_1_473' title='bbox 1163 2344 1170 2353; x_wconf 91' lang='lat'><strong>.</strong></span> <span class='ocrx_word' id='word_1_474' title='bbox 1188 2320 1330 2359; x_wconf 82' lang='lat' dir='ltr'>attinet]</span> <span class='ocrx_word' id='word_1_475' title='bbox 1357 2319 1391 2350; x_wconf 92' lang='lat' dir='ltr'>in</span> <span class='ocrx_word' id='word_1_476' title='bbox 1410 2318 1582 2351; x_wconf 78' lang='lat' dir='ltr'>verschie-</span> 
     </span>
     <span class='ocr_line' id='line_1_68' title="bbox 893 2365 1582 2407; baseline -0.004 -8"><span class='ocrx_word' id='word_1_477' title='bbox 893 2365 998 2399; x_wconf 85' lang='lat' dir='ltr'>dener</span> <span class='ocrx_word' id='word_1_478' title='bbox 1022 2365 1237 2407; x_wconf 82' lang='lat' dir='ltr'>Bedeutung.</span> <span class='ocrx_word' id='word_1_479' title='bbox 1268 2383 1311 2388; x_wconf 92' lang='lat'>——</span> <span class='ocrx_word' id='word_1_480' title='bbox 1345 2365 1410 2396; x_wconf 83' lang='lat' dir='ltr'>etsi</span> <span class='ocrx_word' id='word_1_481' title='bbox 1435 2388 1443 2397; x_wconf 97' lang='lat'><strong><em>.</em></strong></span> <span class='ocrx_word' id='word_1_482' title='bbox 1466 2387 1475 2397; x_wconf 86' lang='lat'><strong>.</strong></span> <span class='ocrx_word' id='word_1_483' title='bbox 1501 2373 1582 2396; x_wconf 84' lang='lat' dir='ltr'>con-</span> 
     </span>
     <span class='ocr_line' id='line_1_69' title="bbox 891 2409 1580 2452; baseline -0.003 -7"><span class='ocrx_word' id='word_1_484' title='bbox 891 2411 1014 2449; x_wconf 75' lang='lat' dir='ltr'>futare</span> <span class='ocrx_word' id='word_1_485' title='bbox 1039 2412 1135 2444; x_wconf 76' lang='lat' dir='ltr'>nihil</span> <span class='ocrx_word' id='word_1_486' title='bbox 1158 2409 1300 2452; x_wconf 79' lang='lat' dir='ltr'>attinet]</span> <span class='ocrx_word' id='word_1_487' title='bbox 1335 2409 1452 2442; x_wconf 87' lang='lat' dir='ltr'>hierzu</span> <span class='ocrx_word' id='word_1_488' title='bbox 1477 2409 1580 2443; x_wconf 82' lang='lat' dir='ltr'>sollte</span> 
     </span>
     <span class='ocr_line' id='line_1_70' title="bbox 892 2455 1581 2498; baseline -0.004 -8"><span class='ocrx_word' id='word_1_489' title='bbox 892 2467 970 2490; x_wconf 92' lang='lat' dir='ltr'>man</span> <span class='ocrx_word' id='word_1_490' title='bbox 997 2457 1047 2490; x_wconf 85' lang='lat' dir='ltr'>als</span> <span class='ocrx_word' id='word_1_491' title='bbox 1073 2456 1266 2498; x_wconf 85' lang='lat' dir='ltr'>Gegensatz</span> <span class='ocrx_word' id='word_1_492' title='bbox 1297 2455 1359 2488; x_wconf 87' lang='lat' dir='ltr'>mit</span> <span class='ocrx_word' id='word_1_493' title='bbox 1384 2458 1502 2488; x_wconf 80' lang='lat' dir='ltr'>tamen</span> <span class='ocrx_word' id='word_1_494' title='bbox 1530 2466 1581 2488; x_wconf 88' lang='lat' dir='ltr'>er-</span> 
     </span>
     <span class='ocr_line' id='line_1_71' title="bbox 893 2501 1579 2535; baseline -0.001 0"><span class='ocrx_word' id='word_1_495' title='bbox 893 2507 1042 2535; x_wconf 87' lang='lat' dir='ltr'>warten:</span> <span class='ocrx_word' id='word_1_496' title='bbox 1081 2512 1118 2535; x_wconf 85' lang='lat' dir='ltr'>so</span> <span class='ocrx_word' id='word_1_497' title='bbox 1155 2501 1282 2534; x_wconf 87' lang='lat' dir='ltr'>wollen</span> <span class='ocrx_word' id='word_1_498' title='bbox 1314 2501 1377 2534; x_wconf 85' lang='lat' dir='ltr'>wir</span> <span class='ocrx_word' id='word_1_499' title='bbox 1408 2501 1457 2534; x_wconf 87' lang='lat' dir='ltr'>sie</span> <span class='ocrx_word' id='word_1_500' title='bbox 1492 2501 1579 2535; x_wconf 91' lang='lat' dir='ltr'>doch</span> 
     </span>
     <span class='ocr_line' id='line_1_72' title="bbox 893 2546 1579 2591; baseline -0.001 -10"><span class='ocrx_word' id='word_1_501' title='bbox 893 2548 998 2581; x_wconf 90' lang='lat' dir='ltr'>durch</span> <span class='ocrx_word' id='word_1_502' title='bbox 1021 2557 1143 2580; x_wconf 87' lang='lat' dir='ltr'>unsere</span> <span class='ocrx_word' id='word_1_503' title='bbox 1164 2546 1257 2580; x_wconf 89' lang='lat' dir='ltr'>Rede</span> <span class='ocrx_word' id='word_1_504' title='bbox 1284 2546 1510 2591; x_wconf 84' lang='lat' dir='ltr'>widerlegen;</span> <span class='ocrx_word' id='word_1_505' title='bbox 1538 2547 1579 2580; x_wconf 89' lang='lat' dir='ltr'>da</span> 
     </span>
     <span class='ocr_line' id='line_1_73' title="bbox 893 2592 1580 2637; baseline -0.001 -11"><span class='ocrx_word' id='word_1_506' title='bbox 893 2593 974 2627; x_wconf 89' lang='lat' dir='ltr'>aber</span> <span class='ocrx_word' id='word_1_507' title='bbox 996 2593 1071 2626; x_wconf 84' lang='lat' dir='ltr'>eine</span> <span class='ocrx_word' id='word_1_508' title='bbox 1093 2593 1210 2626; x_wconf 88' lang='lat' dir='ltr'>solche</span> <span class='ocrx_word' id='word_1_509' title='bbox 1228 2592 1322 2627; x_wconf 86' lang='lat' dir='ltr'>Rede</span> <span class='ocrx_word' id='word_1_510' title='bbox 1344 2603 1430 2637; x_wconf 85' lang='lat' dir='ltr'>ganz</span> <span class='ocrx_word' id='word_1_511' title='bbox 1452 2596 1580 2626; x_wconf 76' lang='lat' dir='ltr'>unnutz</span> 
     </span>
    </p>
   </div>
   <div class='ocr_carea' id='block_1_6' title="bbox 1614 292 1632 324">
    <p class='ocr_par' dir='ltr' id='par_1_12' title="bbox 1614 292 1632 324">
     <span class='ocr_line' id='line_1_74' title="bbox 1614 292 1632 324; textangle 90"><span class='ocrx_word' id='word_1_512' title='bbox 1614 292 1632 324; x_wconf 59' lang='grc' dir='ltr'>ΙΨ</span> 
     </span>
    </p>
   </div>
  </div>
 </body>
</html>
