1779 2828
137 118 164 138 a.
183 110 250 138 Chr.
271 118 300 139 n.
320 111 382 139 325.

600 98 727 134 LIBER
751 98 832 133 vm.
882 98 977 133 GAP.
1004 100 1057 133 35.
1085 101 1139 134 36.

1505 97 1586 136 279

137 217 261 258 oculis
277 217 503 270 exemplum
521 222 606 257 erat
616 216 663 263 Q.
676 215 821 255 Fabius
837 215 888 254 Μ.
899 215 1054 255 Valerio
1072 216 1215 268 legato,
1235 216 1302 267 qui
1320 216 1457 256 castris
1473 228 1588 268 prae-

136 282 239 327 erat,
271 287 322 315 ne
347 287 465 328 quam
489 274 566 314 vim
587 273 762 314 hostium
791 272 917 325 magis
944 285 1064 325 quam
1084 278 1239 312 trucem
1265 273 1466 313 dictatoris
1491 273 1590 313 iram

135 333 304 373 timeret.
339 333 472 385 itaque
489 331 801 372 frumentatores
827 343 918 371 cum
946 331 1207 371 circumventi
1234 343 1283 371 ex
1307 330 1462 371 insidiis
1488 331 1591 371 caesi
1623 338 1658 371 11

135 392 223 431 loco
239 390 377 442 iniquo
403 396 556 439 essent,
581 389 776 430 creditum
794 389 912 442 vulgo
934 395 993 429 est
1008 388 1213 429 subveniri
1230 388 1286 429 eis
1302 387 1350 428 ab
1368 389 1498 440 legato
1517 401 1589 440 po-

136 448 268 496 tuisse,
286 448 328 487 ni
341 447 467 488 tristia
479 448 606 488 edicta
619 447 904 488 exhorruisset.
928 459 972 486 ea
983 459 1144 499 quoque
1160 447 1217 486 ira
1233 446 1415 486 alienavit
1431 459 1451 486 a
1469 446 1592 486 dicta·
1625 454 1660 486 12

134 512 220 546 tore
235 505 406 545 militum
423 506 589 555 animos,
606 506 683 546 iam
701 511 793 545 ante
810 505 1004 553 infensos,
1024 505 1131 557 quod
1147 504 1395 558 inplacabilis
1412 504 1458 551 Q.
1471 503 1593 544 Fabio

134 563 273 604 fuisset
294 568 345 614 et,
363 563 471 616 quod
493 564 575 604 suis
597 562 785 617 precibus
807 568 1010 616 negasset,
1041 563 1127 603 eius
1147 562 1298 616 populo
1320 562 1502 602 Romano
1524 574 1590 602 ve-

136 621 241 661 niam
263 620 448 662 dedisset.

246 679 461 732 Postquam
491 678 663 718 dictator
691 679 919 732 praeposito
956 679 996 718 in
1036 678 1136 720 urbe
1167 679 1211 718 L.
1243 678 1400 732 Papirio
1432 678 1586 727 Crasso,
1612 682 1662 719 36

131 736 319 788 magistro
339 737 520 789 equitum
537 737 583 784 Q.
602 736 724 776 Fabio
746 737 865 777 vetito
882 737 1093 789 quicquam
1115 749 1189 790 pro
1206 737 1440 789 magistratu
1461 749 1591 789 agere,

132 795 173 835 in
195 800 322 835 castra
344 795 472 844 rediit,
506 807 638 847 neque
661 794 812 834 civibus
832 795 924 835 satis
945 794 1072 835 laetus
1093 795 1284 835 adventus
1307 795 1391 835 eius
1414 795 1487 834 suit
1518 807 1592 834 nec

131 852 314 893 hostibus
351 853 565 905 quicquam
601 852 731 892 attulit
767 853 945 893 terroris.
1003 865 1176 905 namque
1207 859 1370 906 postero
1401 853 1485 901 die,
1523 865 1594 893 seu
1625 859 1643 891 2

132 910 261 963 ignari
281 911 437 951 venisse
454 910 700 959 dictatorem,
723 923 808 959 seu,
831 910 986 951 adesset
1003 923 1052 950 an
1071 911 1238 959 abesset,
1261 911 1372 964 parvi
1388 911 1591 958 facientes,

131 968 325 1008 instructa
355 968 438 1008 acie
468 969 516 1008 ad
544 974 671 1008 castra
702 975 969 1008 accesserunt.
1019 974 1196 1008 ceterum
1223 974 1377 1009 tantum
1400 968 1595 1008 momenti
1624 975 1642 1006 3

131 1026 172 1066 in
195 1038 278 1066 uno
299 1026 384 1066 viro
406 1025 451 1065 L.
474 1025 634 1078 Papirio
657 1026 743 1075 fuit,
766 1032 822 1075 ut,
849 1027 880 1066 si
904 1026 1015 1066 ducis
1039 1027 1202 1067 consilia
1224 1027 1333 1066 favor
1352 1027 1592 1067 subsecutus

130 1083 301 1123 militum
323 1085 439 1132 foret,
462 1083 651 1123 debellari
669 1096 715 1123 eo
733 1083 795 1123 die
819 1096 909 1123 cum
929 1084 1176 1124 Samnitibus
1198 1085 1374 1137 potuisse
1397 1097 1470 1137 pro
1488 1083 1593 1123 haud

131 1140 253 1181 dubio
267 1141 447 1182 habitum
460 1142 528 1192 sit3
545 1142 598 1181 ita
615 1141 803 1182 instruxit
817 1142 954 1189 aciem,
970 1145 1024 1182 ita
1038 1142 1125 1182 loco
1141 1154 1186 1182 ac
1201 1141 1399 1189 subsidiis,
1416 1143 1467 1182 ita
1483 1142 1592 1181 omni
1625 1149 1644 1181 4

132 1205 217 1239 arte
233 1199 373 1239 bellica
395 1199 575 1239 firmavit.
618 1205 813 1240 cessatum
832 1213 852 1239 a
869 1200 992 1240 milite
1014 1212 1058 1240 ac
1075 1200 1123 1240 de
1141 1200 1349 1247 industria,
1373 1206 1415 1240 ut
1433 1199 1593 1240 obtrec-

130 1262 284 1297 taretur
308 1257 491 1298 laudibus
511 1257 645 1305 ducis,
675 1257 852 1310 inpedita
882 1258 1044 1298 victoria
1073 1264 1143 1298 est.
1195 1258 1331 1310 plures
1353 1258 1592 1298 Samnitium

132 1315 326 1363 cecidere,
347 1315 484 1368 plures
500 1315 670 1355 Romani
691 1316 889 1356 vulnerati
909 1322 1016 1355 sunt.
1057 1316 1182 1356 sensit
1203 1316 1356 1368 peritus
1377 1316 1469 1364 dux,
1493 1328 1594 1368 quae
1625 1323 1642 1354 5

129 1385 194 1413 res
214 1373 404 1413 victoriae
426 1373 621 1414 obstaret:
653 1374 960 1426 temperandum
982 1373 1190 1427 ingenium
1212 1386 1329 1414 suum
1352 1387 1437 1414 esse
1467 1380 1506 1414 et
1529 1386 1593 1414 se·

128 1488 160 1528 4,
185 1487 216 1521 8.
243 1506 286 1512 -
313 1486 514 1530 exemplum
541 1490 622 1519 erat
646 1511 654 1520 .
681 1514 688 1520 .
714 1490 771 1529 ne]
797 1497 825 1523 s,

128 1533 149 1575 ξ
165 1535 205 1573 7;
224 1543 266 1566 zu
287 1535 319 1574 7,
334 1534 365 1575 6,
383 1535 440 1568 11:
467 1533 682 1566 documento
702 1532 826 1575 fuisse,

128 1589 189 1619 πω
215 1579 286 1623 vgl.
301 1580 356 1620 24,
371 1580 404 1619 8,
418 1581 472 1614 20.
492 1598 536 1603 ——
553 1579 705 1621 Fabius]
731 1580 826 1613 nicht

130 1625 250 1667 Fabii,
268 1625 335 1658 wie
354 1626 410 1667 22,
428 1627 483 1666 44,
502 1627 541 1665 5;
570 1626 625 1665 28,
641 1626 696 1666 42,
714 1628 729 1660 1
745 1636 779 1661 u.
795 1636 823 1659 a.

130 1689 175 1696 --
201 1671 333 1713 legato]
361 1671 457 1705 wohl
483 1671 578 1704 einer
603 1670 664 1704 der
689 1671 826 1715 Kriegs-

131 1716 301 1758 triburien,
327 1716 393 1750 den
421 1716 482 1750 der
502 1715 666 1750 Feldherr
690 1727 733 1750 zu
760 1718 825 1751 sei—

130 1772 208 1796 nem
235 1762 493 1796 Stellvertreter
518 1766 662 1796 ernannt
687 1763 765 1803 hat;
798 1774 823 1797 s.

130 1810 186 1849 32,
213 1811 273 1848 14;
309 1810 364 1848 25,
390 1810 445 1851 34,
472 1810 510 1848 83
538 1810 593 1851 26,
619 1811 651 1851 6,
678 1811 693 1843 1
724 1820 824 1850 u.a.;

129 1854 200 1898 vgl.
228 1857 260 1896 5,
286 1856 318 1898 8,
346 1856 398 1889 12.

178 1913 232 1947 12.
257 1923 299 1946 ea
325 1937 333 1946 .
358 1937 367 1946 .
393 1911 465 1957 ira]
491 1912 579 1946 Zorn
606 1911 770 1953 darfiber3
796 1923 823 1947 s.

134 1961 163 2000 1,
181 1960 237 2001 30,
263 1960 295 1993 4.
320 1978 365 1984 -
396 1959 531 2002 populo
557 1957 731 2001 Romano]
765 1959 825 1993 ob·

132 2004 245 2047 gleich
282 2005 371 2039 auch
403 2004 459 2038 die
485 2003 651 2038 Soldaten
679 2015 720 2039 zu
746 2004 824 2039 dem

130 2050 244 2085 Volke
281 2051 315 2084 in
357 2050 562 2085 konkretem
601 2050 725 2093 Sinne,
767 2051 826 2085 der

128 2096 376 2140 Volksmenge,
387 2097 549 2140 gehoren,
563 2097 609 2130 ist
619 2096 708 2131 doch
718 2098 825 2132 schon

131 2144 153 2186 ,ξ
175 2145 191 2178 1
210 2142 281 2177 und
299 2143 319 2187 ξ
338 2145 356 2177 7
381 2143 537 2186 populus
561 2142 743 2176 Romanus
767 2154 826 2187 ge-

133 2189 288 2231 braucht,
315 2189 396 2223 weil
421 2189 588 2223 zunfichst
606 2188 661 2223 die
678 2188 826 2233 Burger-

131 2235 243 2269 schaft
268 2237 308 2278 (s.
334 2234 356 2279 ξ
382 2236 418 2269 6:
454 2245 627 2268 consensu
653 2238 825 2279 civitatis)

131 2281 191 2315 das
224 2279 316 2314 Volk
353 2281 389 2314 in
420 2280 581 2315 ideellem
615 2280 720 2316 Sinne
758 2282 824 2316 den

133 2326 230 2361 Staat
254 2327 410 2367 vertritt;
437 2337 464 2362 S.
492 2329 546 2370 34,
573 2329 604 2361 2.

176 2393 336 2431 36—37.
364 2395 446 2439 Sieg
462 2395 548 2430 fiber
564 2395 620 2430 die
635 2395 824 2431 Samniten.

133 2440 380 2486 Gesetzantrag
404 2442 490 2475 fiber
514 2442 570 2476 die
596 2441 824 2478 Tuskulaner.

132 2486 209 2520 Val.
233 2485 324 2522 Max.
349 2490 381 2530 9,
409 2490 462 2530 10,
490 2490 520 2523 1.

181 2545 211 2578 1.
234 2546 441 2587 praeposito
458 2547 498 2578 in
514 2546 615 2587 urbe]
641 2546 709 2580 wie
727 2550 825 2580 sonst

133 2588 193 2623 der
217 2588 418 2624 Praefectus
451 2591 564 2630 urbis;
599 2601 626 2625 S.
652 2592 685 2634 3,
711 2594 766 2632 29,
793 2594 824 2625 4.

897 1507 941 1512 —
976 1498 1044 1531 pro
1081 1488 1315 1530 magistratu]
1353 1497 1380 1522 s.
1415 1489 1448 1529 6,
1475 1488 1528 1527 38,
1556 1488 1592 1525 9;

897 1533 1023 1567 Fabius
1057 1533 1175 1567 behalt
1201 1534 1275 1567 also
1301 1533 1362 1566 das
1388 1532 1485 1575 Amt,
1518 1532 1595 1566 darf

898 1580 981 1613 aber
994 1579 1049 1612 die
1063 1579 1280 1613 Funktionen
1296 1579 1480 1612 desselben
1498 1578 1593 1612 nicht

896 1626 1064 1659 ausfiben.
1122 1625 1188 1659 Der
1219 1624 1378 1658 Diktator
1412 1629 1592 1668 untersagt

896 1670 970 1705 dies
1003 1673 1167 1714 vermoge
1202 1671 1316 1705 seines
1353 1670 1505 1704 hoheren
1530 1671 1595 1705 Im-

897 1717 1048 1760 periums
1083 1717 1148 1751 den
1182 1717 1252 1750 ihm
1279 1717 1593 1760 untergeordneten

896 1762 1135 1806 Magistraten;
1183 1762 1237 1797 die
1279 1762 1489 1797 Abdikation
1532 1763 1592 1797 des

897 1808 1063 1852 Magister
1088 1809 1243 1854 equitum
1269 1809 1327 1843 hat
1353 1820 1389 1843 er
1415 1809 1509 1843 nicht
1535 1820 1594 1843 an-

896 1855 1080 1899 geordnet;
1108 1866 1134 1889 s.
1150 1866 1191 1889 zu
1207 1857 1239 1898 3,
1256 1857 1310 1897 29,
1330 1857 1366 1895 2;
1393 1854 1491 1890 Mms.
1512 1855 1592 1890 StR.

898 1901 944 1944 12,
964 1904 1041 1935 641.
1059 1921 1104 1926 —
1122 1903 1271 1943 civibus]
1298 1902 1371 1935 hier
1395 1902 1441 1935 im
1459 1901 1593 1946 Gegen-

896 1953 991 1982 satze
1017 1958 1059 1981 zu
1086 1949 1218 1987 hostes;
1248 1948 1318 1991 vgl.
1345 1950 1399 1990 35,
1429 1950 1481 1982 12.

942 1996 973 2029 3.
999 1995 1217 2036 subsecutus]
1245 2004 1271 2028 s.
1290 1996 1345 2036 21,
1360 1996 1391 2035 3,
1408 1997 1437 2028 1.
1455 2014 1500 2020 —
1523 2006 1592 2038 pro

897 2041 997 2073 haud
1035 2041 1156 2083 dubio]
1199 2052 1226 2075 s.
1263 2042 1323 2084 21,
1360 2043 1419 2083 1ἵ,
1456 2043 1495 2080 Τ;
1538 2043 1592 2084 24,

897 2088 951 2129 27,
981 2089 1010 2122 1.

943 2135 974 2167 4.
993 2134 1058 2174 ita]
1077 2143 1104 2166 s.
1123 2132 1235 2166 Praef.
1257 2134 1293 2167 11
1311 2147 1317 2166 ;
1337 2133 1444 2172 adem
1472 2133 1540 2177 vgl.
1561 2134 1593 2175 2,

897 2180 951 2219 43,
967 2181 998 2212 7.
1013 2198 1057 2203 —
1076 2178 1153 2212 loco
1172 2190 1216 2212 ac
1232 2179 1398 2220 subidiz's]
1419 2179 1460 2213 da
1475 2179 1592 2213 Livius

896 2228 995 2258 sonst
1020 2225 1115 2258 nieht
1140 2227 1321 2258 instruere
1347 2227 1461 2258 aciem
1477 2227 1592 2258 subsi-

896 2271 967 2303 diis
1001 2274 1096 2314 sagt,
1135 2270 1282 2305 sondern
1316 2271 1467 2312 firmare
1490 2273 1532 2312 (s.
1559 2273 1591 2313 4,

896 2318 951 2358 37,
968 2318 1002 2355 8;
1029 2319 1131 2359 9‚17‚
1151 2319 1216 2359 15),
1242 2327 1281 2350 so
1307 2317 1396 2350 murs
1420 2317 1592 2349 subsidiis

896 2373 974 2396 zum
991 2362 1192 2406 Folgenden
1206 2372 1410 2406 genommen
1433 2362 1589 2401 werden;

897 2409 974 2441 Ioco
1010 2409 1054 2441 ist
1088 2408 1178 2441 dann
1214 2408 1315 2441 freier
1346 2408 1406 2441 aus
1427 2408 1592 2449 firmavit

896 2455 1052 2496 bezogen
1082 2453 1153 2487 und
1186 2464 1255 2487 von
1291 2453 1367 2487 dem
1403 2455 1589 2499 gunstigen

896 2499 1038 2533 Tei-rain
1062 2509 1105 2533 zu
1130 2499 1324 2534 verstehen.

944 2548 974 2580 5.
1001 2545 1271 2588 temperandum
1295 2570 1304 2579 .
1331 2572 1338 2579 .
1365 2545 1449 2590 esse]
1482 2546 1589 2590 hangt

896 2591 984 2625 auch
1008 2601 1077 2624 von
1102 2592 1214 2624 sensit
1239 2592 1292 2633 ab,
1310 2607 1354 2619 =
1372 2602 1408 2626 er
1433 2592 1494 2626 sah
1521 2594 1587 2635 ein,
