1731 2796
176 84 254 122 118

682 84 808 119 LIBER
830 84 898 119 vn.
945 85 1038 119 CAP.
1065 87 1095 119 6.

1403 103 1429 123 a.
1450 103 1478 124 u.
1499 103 1525 124 c.
1543 96 1606 124 392.

123 208 142 239 4
172 200 371 251 virtusque
389 206 502 249 esset,
524 207 558 240 et
573 200 729 240 silentio
746 202 846 240 facto
863 201 1005 252 templa
1024 201 1187 240 deorum
1205 200 1485 248 inmortalium,
1507 212 1606 251 quae

174 258 260 296 foro
282 257 499 304 inminent,
528 256 839 309 Capitoliumque
862 257 1083 297 intuentem
1105 264 1143 297 et
1163 263 1434 297 manus'nunc
1455 257 1495 296 in
1519 269 1607 296 cae-

174 314 276 362 lum,
300 326 407 352 nunc
429 314 467 353 in
490 319 670 366 patentes
699 320 826 354 terrae
849 314 976 354 hiatus
997 315 1046 354 ad
1066 314 1159 353 deos
1181 326 1315 353 manes
1335 313 1607 366 porrigentem

124 379 141 408 5
172 384 212 410 se
234 371 451 419 devovisse;
474 383 656 422 equoque
673 371 814 410 deinde
833 384 949 422 quam
971 377 1125 422 poterat
1145 371 1310 410 maxime
1334 377 1523 410 exornato
1545 371 1607 410 in-

174 428 366 467 sidentem
398 434 588 467 armatum
618 440 659 467 se
690 428 729 466 in
761 440 921 479 specum
954 428 1160 476 inmisisse,
1192 428 1374 479 donaque
1406 440 1450 467 ac
1474 429 1608 480 fruges

174 497 294 536 super
315 497 404 523 eum
427 496 446 522 a
468 484 719 523 multitudine
737 485 907 523 virorum
925 497 969 523 ac
991 485 1201 524 mulierum
1218 491 1438 536 congestas,
1460 485 1608 524 lacum-

177 554 252 592 que
285 541 461 580 Curtium
493 554 574 580 non
607 541 652 579 ab
685 542 847 592 antiquo
880 541 944 580 illo
977 541 1020 579 T.
1043 541 1128 580 Tati
1159 541 1282 580 milite
1304 541 1436 581 Curtio
1458 542 1607 588 Mettio,

127 605 145 636 6
174 598 242 637 sed
263 598 309 636 ab
333 598 407 636 hoc
429 598 679 649 appellatum.
720 610 813 636 cura
837 610 917 637 non
940 598 1112 646 deesset,
1145 598 1176 637 si
1205 610 1281 649 qua
1312 598 1359 637 ad
1385 611 1523 638 verum
1550 599 1609 638 via

175 655 441 706 inquirentem
464 655 606 703 ferret;
639 667 747 694 nunc
768 655 869 693 fama
890 667 1025 693 rerum
1055 654 1239 694 standum
1261 660 1332 703 est,
1363 655 1431 694 ubi
1461 661 1609 695 certam

176 711 336 762 derogat
356 718 528 751 vetustas
549 712 688 760 fidem;
711 718 748 750 et
763 711 871 751 lacus
885 724 1031 750 nomen
1049 711 1096 750 ab
1114 711 1186 750 hac
1202 711 1426 751 recentiore
1443 712 1610 763 insigui-

175 768 251 808 tius
272 768 401 807 fabula
423 774 492 807 est.

288 826 381 864 Post
402 825 500 864 tanti
523 825 692 876 prodigii
723 825 1044 876 procurationem
1072 825 1211 863 eodem
1233 837 1338 863 anno
1361 825 1408 863 de
1429 824 1612 864 Hernicis

176 882 381 921 consultus
406 887 566 921 senatus
587 894 676 920 cum
698 882 848 922 fetiales
868 882 914 921 ad
937 894 1000 921 res
1021 881 1256 933 repetendas
1277 881 1517 933 nequiquam
1539 881 1612 921 mi-

176 939 300 985 sisset,
322 939 449 990 primo
467 951 626 990 quoque
642 938 703 978 die
720 939 928 978 ferendum
945 939 990 978 ad
1007 939 1199 990 populum
1216 938 1264 977 de
1279 938 1382 977 hello
1398 938 1612 978 indicendo

127 1001 145 1034 8
176 995 358 1034 Hernicis
389 996 564 1042 censuit,
596 996 846 1048 populusque
868 996 906 1035 id
928 995 1073 1035 bellum
1096 996 1284 1046 frequens
1305 995 1428 1034 iussit.
1470 995 1512 1034 L.
1535 995 1612 1034 Ge·-

178 1052 295 1091 nucio
327 1053 480 1092 consuli
513 1065 556 1091 ea
587 1053 789 1104 provincia
811 1058 917 1092 sorte
940 1052 1080 1091 evenit.
1122 1052 1161 1091 in
1185 1052 1458 1103 expectatione
1480 1052 1614 1092 civitas

176 1115 278 1155 erat,
312 1110 424 1160 quod
445 1109 597 1161 primus
619 1109 683 1149 ille
705 1110 751 1149 de
772 1109 887 1162 plebe
910 1109 1050 1148 consul
1070 1109 1217 1148 bellum
1239 1108 1319 1148 suis
1340 1109 1524 1160 auspiciis
1545 1122 1614 1161 ge-

177 1172 310 1205 sturus
332 1172 446 1213 esset,
469 1165 635 1218 perinde
658 1173 701 1205 ut
722 1167 916 1206 evenisset
936 1179 1011 1213 res,
1033 1165 1085 1204 ita
1108 1165 1420 1205 communicatos
1440 1166 1614 1206 honores

127 1229 145 1261 9
175 1234 249 1274 pro
281 1222 382 1262 bene
414 1230 481 1262 aut
511 1235 625 1262 secus
656 1223 837 1262 consulto
869 1222 1062 1261 habitura.
1115 1223 1217 1261 forte
1239 1223 1291 1261 ita
1311 1222 1402 1261 tulit
1422 1235 1548 1270 casus,
1569 1228 1614 1262 ut

177 1279 377 1319 Genucius
407 1280 452 1318 ad
484 1279 617 1319 hostes
647 1291 790 1330 magno
823 1285 967 1318 conatu
992 1280 1195 1331 profectus
1216 1279 1256 1318 in
1278 1279 1439 1319 insidias
1459 1280 1613 1332 praeci-

176 1336 317 1387 pitaret
348 1343 382 1375 et
403 1336 627 1388 legionibus
660 1336 897 1388 necopinato
920 1348 1064 1388 pavore
1085 1335 1182 1375 susis
1204 1336 1344 1375 consul
1365 1336 1613 1376 circumven-

222 1449 252 1480 4.
287 1447 417 1489 templa
441 1473 449 1481 .
471 1450 492 1489 .]
519 1458 544 1481 s.
571 1449 602 1490 2,
627 1450 681 1489 49,
708 1451 743 1485 7;
776 1447 857 1480 Tac.

176 1491 261 1526 Hist.
281 1495 310 1533 1,
330 1495 383 1526 40.
409 1512 453 1518 -
472 1496 637 1536 patentes
661 1521 668 1527 .
692 1519 700 1528 .
724 1495 857 1534 hiatus]

176 1537 235 1571 der
249 1537 364 1571 Plural
380 1538 425 1571 ist
449 1539 633 1581 steigernd.
651 1558 695 1563 —
712 1539 760 1572 ad
776 1539 858 1571 deos

175 1585 306 1624 manes]
341 1583 450 1617 denen
484 1584 556 1616 sich
589 1595 631 1617 zu
658 1584 791 1617 weihen
823 1594 859 1617 er

175 1629 221 1661 im
239 1628 370 1671 Begriff
389 1629 450 1667 ist;
477 1640 502 1662 s.
521 1629 575 1662 die
594 1629 641 1663 St.
660 1640 702 1663 zu
720 1632 739 1671 ξ
762 1631 801 1668 3;
827 1631 858 1670 8,

177 1676 208 1715 9,
225 1675 264 1717 6;
291 1674 418 1707 Preller
442 1674 516 1708 RM.
542 1676 618 1709 466.

223 1722 253 1753 5.
271 1720 482 1752 insidentem
500 1722 691 1761 armatum]
711 1731 736 1754 s.
755 1722 786 1760 3,
804 1721 859 1761 43,

177 1766 209 1799 6.
224 1783 267 1788 —
285 1767 327 1797 ab
344 1790 352 1798 .
366 1790 374 1798 .
388 1765 464 1806 illo]
485 1766 549 1799 wie
564 1766 677 1799 Livius
698 1768 726 1806 1,
748 1767 800 1807 12,
818 1767 858 1799 10

177 1809 245 1842 und
281 1810 381 1853 lange
417 1811 541 1844 vorher
576 1810 656 1844 Piso
693 1811 861 1844 berichtet

178 1855 288 1893 hatte;
304 1856 378 1888 eine
393 1855 494 1889 dritte
509 1855 653 1889 Version
667 1856 722 1889 bei
735 1856 860 1889 Varro:

179 1910 256 1932 eum
281 1901 396 1932 locum
420 1912 491 1933 esse
513 1900 734 1943 fulguritum
759 1905 793 1933 et
816 1912 862 1933 ex

177 1956 203 1978 s.
223 1955 252 1978 e.
269 1949 428 1987 saeptum
450 1957 533 1987 esse,
558 1947 599 1978 z'd
614 1947 709 1988 quod
724 1945 862 1985 factum

178 1993 230 2022 est
250 2002 271 2022 α
294 1990 416 2023 Cur-tio
439 1991 592 2032 consule,
613 1993 673 2024 eui
685 1991 730 2024 M.
749 1991 861 2024 Genu-

179 2037 255 2068 cius
278 2034 353 2074 fuit
383 2036 537 2078 collega,
569 2036 641 2069 also
667 2037 713 2068 im
737 2035 767 2069 J.
795 2038 860 2070 309

180 2091 209 2114 a.
224 2092 256 2114 u.
272 2091 318 2122 c.;
345 2080 416 2114 dies
435 2081 493 2114 hat
510 2081 625 2114 Livius
638 2084 670 2122 4,
687 2083 716 2123 1,
733 2083 746 2114 1
769 2081 861 2114 nicht

180 2126 327 2159 bertihrt.

226 2173 256 2204 6.
288 2174 388 2211 eura]
426 2171 526 2204 naml.
564 2171 780 2213 inquirendi.
818 2190 862 2194 —

180 2217 290 2258 fama„
302 2242 309 2250 .
325 2242 332 2250 .
345 2217 511 2249 standum
525 2219 589 2258 est]
616 2227 691 2250 man
706 2215 793 2249 muss
806 2216 861 2249 bei

180 2262 239 2295 der
271 2262 530 2304 Uberlieserung
562 2262 682 2295 stehen
713 2261 861 2302 bleiben,

182 2307 254 2340 sich
279 2317 320 2340 an
346 2307 439 2341 diese
464 2308 594 2346 halten;
621 2317 647 2341 s.
673 2317 714 2340 zu
736 2308 788 2347 26,
809 2309 860 2347 17,

184 2355 236 2386 11.
251 2371 293 2376 —
307 2353 478 2395 derogat.
492 2378 500 2386 .
514 2353 632 2393 sidem]
651 2351 735 2385 wird
752 2352 862 2385 selten

182 2408 219 2430 so
246 2398 459 2437 verbunden;
486 2398 554 2441 vgl.
574 2399 604 2440 8,
630 2400 682 2439 18,
700 2399 730 2431 3.
749 2417 791 2422 -
809 2400 863 2429 in-

180 2443 361 2485 signitius]
389 2454 414 2476 s.
442 2446 473 2484 4,
492 2446 523 2483 4,
543 2446 574 2478 5.

227 2486 264 2531 6,
288 2489 386 2522 7—9.
439 2491 467 2522 1.
492 2487 594 2532 Krieg
617 2488 679 2521 mit
701 2487 765 2521 den
782 2487 862 2521 Her-

184 2531 312 2566 nikern.

975 1449 1004 1480 7.
1025 1449 1145 1490 primo
1177 1457 1316 1489 quoque
1346 1447 1414 1488 die]
1447 1456 1475 1481 S.
1501 1449 1533 1488 4,
1560 1449 1614 1487 58,

929 1494 958 1526 S.
983 1511 1028 1515 —
1054 1492 1182 1524 bellum
1201 1490 1372 1534 frequens
1395 1494 1511 1533 iussit]
1537 1502 1563 1526 S.
1583 1494 1615 1535 9,

928 1540 983 1578 43,
1002 1539 1037 1576 2;
1063 1548 1122 1570 zur
1147 1537 1255 1571 Sache
1280 1548 1306 1570 s.
1335 1540 1364 1579 1,
1383 1538 1414 1570 3.

973 1584 1004 1617 8.
1028 1584 1115 1624 suis]
1142 1583 1208 1615 wie
1226 1583 1275 1616 sie
1293 1583 1349 1615 ein
1365 1581 1524 1625 Plebejer
1541 1583 1614 1616 hal-

927 1632 983 1662 ten
1010 1627 1119 1669 kann,
1145 1628 1239 1661 nicht
1271 1628 1326 1661 die
1351 1628 1484 1669 echten,
1510 1629 1615 1671 patri-

927 1673 1080 1714 zische'n;
1106 1684 1133 1708 S.
1157 1673 1178 1716 ξ
1199 1676 1252 1707 10.
1268 1693 1314 1698 -
1334 1674 1486 1716 perinde
1509 1676 1561 1715 ut]
1587 1684 1614 1707 s.

927 1730 969 1752 zu
989 1721 1019 1760 5,
1038 1721 1069 1752 7.
1087 1737 1131 1743 -—-
1149 1721 1428 1752 communicatos
1451 1720 1614 1761 honores]

929 1764 984 1797 die
1009 1763 1239 1807 Einriiumung
1263 1764 1323 1797 der
1347 1763 1547 1798 Teilnahme
1572 1775 1615 1798 an

930 1820 1036 1849 USW.;
1054 1819 1080 1843 s.
1095 1811 1128 1850 4,
1143 1812 1197 1851 54,
1212 1812 1242 1843 7.
1261 1810 1376 1851 56,12
1392 1820 1425 1843 u.
1441 1820 1471 1845 a.
1489 1828 1532 1834 -—
1545 1821 1615 1853 pro

931 1880 939 1888 .
965 1879 973 1888 .
1000 1855 1172 1897 consulto]
1200 1854 1253 1888 ffir
1278 1859 1387 1888 etwas
1411 1865 1519 1893 uSW.;
1544 1855 1614 1898 vgl.

932 1902 962 1939 6,
981 1902 1115 1942 40,17;
1142 1903 1246 1942 9,11,
1265 1902 1303 1934 4:
1329 1902 1449 1933 omnia
1472 1910 1539 1943 pro
1560 1903 1616 1934 in-

931 1944 1023 1985 fecto
1048 1947 1131 1978 sint.

978 1992 1008 2024 9.
1040 1989 1136 2029 forte
1155 2015 1162 2023 .
1191 2015 1199 2023 .
1224 1992 1337 2030 casus]
1374 1989 1616 2032 tautologisch,

930 2046 987 2069 um
1005 2035 1070 2068 den
1088 2035 1253 2069 Umstand
1270 2046 1312 2068 zu
1330 2035 1460 2073 heben;
1479 2034 1538 2069 der
1550 2034 1615 2069 Ge-

932 2081 1148 2114 wahrsmann
1166 2081 1226 2114 des
1240 2080 1356 2113 Livius
1372 2080 1532 2121 (Licinius
1545 2080 1616 2115 Ma-

932 2136 987 2159 cer
996 2128 1025 2166 ⁶2)
1043 2126 1114 2158 will
1132 2126 1198 2159 den
1212 2125 1327 2159 Unfall
1344 2124 1616 2169 entschuldigien,

932 2171 992 2203 das
1011 2170 1196 2204 Versahren
1221 2170 1281 2204 der
1297 2170 1461 2204 Patrizier
1483 2171 1533 2204 als
1558 2181 1617 2214 ge-

934 2216 1048 2258 hassig
1062 2215 1256 2249 darstellen.
1271 2236 1315 2240 —
1329 2226 1459 2258 magno
1471 2218 1614 2257 conatu]

932 2271 959 2294 s.
974 2262 1004 2302 5,
1021 2262 1073 2302 16,
1087 2264 1122 2300 4;
1142 2262 1270 2294 ebenso
1287 2264 1318 2302 5,
1334 2262 1386 2303 18,
1402 2264 1438 2294 ῖς
1460 2260 1616 2294 Titinius

934 2306 960 2339 G
971 2317 1054 2338 enu
1066 2308 1227 2349 eiusque
1244 2331 1252 2339 .
1268 2332 1276 2341 .
1290 2307 1374 2338 dum
1398 2306 1526 2339 bellum
1543 2317 1617 2339 ma—

930 2353 1006 2384 iore
1031 2353 1150 2384 animo
1172 2354 1309 2393 gerunt
1331 2361 1437 2394 quam
1455 2351 1616 2394 consilio,

926 2398 1212 2439 praecipitavere
1236 2398 1274 2428 in
1298 2396 1460 2430 insidias.
1503 2396 1617 2430 Genu-

932 2444 1006 2474 cius
1022 2444 1136 2474 morte
1153 2443 1299 2474 honesta
1317 2466 1325 2474 .
1339 2467 1348 2475 .
1365 2443 1461 2474 inter·
1479 2444 1616 2484 primo·

931 2497 986 2519 res
1010 2487 1146 2520 cecidit.
1176 2505 1219 2510 —
1243 2487 1538 2529 praecipitaretfl
1571 2506 1616 2512 —

932 2533 1067 2573 consul]
1093 2533 1137 2565 ist
1164 2532 1255 2565 wohl
1283 2542 1346 2565 nur
1370 2532 1616 2576 hinzugesetzt,
