1731 2796
197 67 249 104 42
662 65 784 99 LIBER
810 64 862 99 Vl.
911 64 1004 99 CAP.
1033 66 1084 99 16.
1112 67 1164 98 17.
1424 81 1450 101 a.
1472 81 1500 102 u.
1522 81 1548 103 c.
1567 74 1628 102 369.

151 190 169 222 8
201 182 385 221 inritatur
406 180 559 221 seditio.
606 187 642 219 et
664 180 738 219 iam
761 181 883 232 magis
904 180 1070 232 insignis
1091 178 1272 219 sordibus
1294 184 1332 218 et
1352 178 1450 218 facie
1471 189 1629 217 reorum

196 239 309 279 turha
332 238 526 278 Manliana
547 244 641 284 erat,
663 243 893 289 amotusque
915 243 1005 289 post
1020 236 1262 288 triumphum
1281 235 1528 275 abdicatione
1548 235 1629 274 dic-

130 301 172 336 17
196 302 347 335 taturae
377 301 506 334 terror
536 301 573 334 et
594 295 767 345 linguam
800 300 835 334 et
866 295 1018 333 animos
1048 293 1279 332 liberaverat
1302 292 1519 331 hominum.
1561 304 1630 330 au—

197 352 407 392 diebantur
422 352 552 403 itaque
565 351 767 403 propalam
780 363 894 391 voces
911 350 1235 402 exprobrantium
1252 349 1506 395 multitudini,
1525 348 1629 399 quod

197 410 427 449 defensores
443 422 535 448 suos
551 421 707 460 semper
722 408 760 447 in
779 408 1034 460 praecipitem
1051 408 1179 446 locum
1198 407 1328 446 favore
1343 406 1465 453 tollat,
1490 405 1631 445 deinde

146 474 165 508 2
196 467 234 506 in
261 467 345 519 ipso
377 465 602 505 discrimine
634 465 797 516 periculi
830 465 1032 504 destituat:
1064 464 1120 503 sic
1148 464 1213 515 Sp.
1237 463 1411 503 Cassium
1443 462 1483 501 in
1516 474 1631 514 agros

198 522 352 575 plebem
374 528 593 570 vocantem,
615 522 670 561 sic.
693 521 760 572 Sp.
784 521 963 561 Maelium
984 521 1031 560 ab
1054 533 1122 560 ore
1145 520 1284 560 civium
1306 520 1445 559 famem
1469 519 1549 558 suis
1570 519 1631 558 in-

197 580 330 632 pensis
351 579 648 631 propulsantem
672 591 894 642 oppressos,
916 579 971 617 sic
993 578 1042 617 M.
1061 577 1248 616 Manlium
1263 588 1430 616 mersam
1453 582 1491 615 et
1511 575 1631 615 obru-

196 644 274 675 tam
297 637 457 675 faenore
478 642 628 699 partem
652 635 815 674 civitatis
836 635 876 674 in
897 634 1119 674 libertatem
1146 646 1190 673 ac
1211 634 1339 673 lucem
1361 633 1633 672 extrahentem

148 704 166 736 3
197 693 394 745 proditum
418 692 599 732 inimicis.
641 692 819 744 saginare
842 692 998 755 plebem
1016 691 1226 743 populares
1246 690 1361 738 viros,
1383 696 1428 729 ut
1448 689 1631 740 iugulen-

197 757 273 789 tur.
334 750 476 789 hocine
498 749 724 801 patiendum
757 749 888 797 fuisse,
921 749 951 787 si
981 748 1026 787 ad
1059 754 1201 787 nutum
1231 745 1431 786 dictatoris
1466 759 1547 785 non
1570 758 1633 785 re-

197 807 400 859 sponderit
430 807 486 844 vir
524 804 772 845 consularis?
803 806 1001 857 fingerent
1040 805 1247 844 mentitum
1287 809 1377 843 ante
1408 809 1524 855 atque
1545 803 1632 842 ideo

198 877 279 903 non
295 863 492 910 habuisse,
511 863 615 914 quod
631 869 714 902 tum
732 863 1010 914 responderet3
1033 862 1094 901 cui
1111 874 1222 901 servo
1239 872 1423 924 umquam
1441 859 1633 899 mendacii

149 933 167 964 4
197 933 367 973 poenam
389 920 541 959 vincula
573 918 721 959 fuisse?
753 932 833 958 non
867 918 1108 959 obversatam
1140 930 1224 958 esse
1255 917 1482 956 memoriam
1507 916 1635 956 noetis

199 978 315 1026 illius,
348 990 447 1028 quae
479 989 602 1040 paene
624 977 760 1015 ultima
783 982 900 1027 atque
931 981 1090 1015 aeterna
1114 974 1265 1015 nomini
1287 974 1465 1014 Romano
1487 971 1635 1013 fuerit?

199 1047 279 1073 non
303 1035 474 1097 speciem
497 1034 663 1083 agminis
685 1033 883 1072 Gallorum
906 1045 978 1085 per
999 1032 1205 1084 Tarpeiam
1221 1044 1360 1083 rupem
1383 1028 1635 1071 scandentis?

199 1103 279 1130 non
304 1091 425 1154 ipsius
447 1091 496 1129 M.
519 1074 650 1137 Manli,
683 1090 836 1141 qualem
859 1102 947 1129 eum
978 1095 1183 1136 armatum,
1214 1088 1377 1140 plenum
1408 1086 1563 1127 sudoris
1593 1099 1637 1126 ac

199 1148 414 1199 sanguinis,
437 1148 522 1199 ipso
539 1160 665 1199 paene
687 1147 776 1185 love
797 1152 933 1210 erepto
956 1159 1002 1186 ex
1025 1146 1196 1186 bostium
1219 1144 1400 1184 manibus
1419 1142 1636 1184 vidissent?

150 1216 168 1248 5
198 1205 403 1244 selibrisne
424 1205 538 1243 fariis
555 1204 716 1256 gratiam
739 1203 928 1243 servatori
949 1203 1096 1255 patriae
1114 1200 1303 1241 relatam?
1321 1208 1360 1241 et
1377 1211 1491 1252 quem
1509 1213 1635 1252 prope

198 1262 418 1309 caelestem,
442 1261 680 1312 cognomine
702 1266 809 1300 certe
827 1257 1079 1314 [Capitolino]
1098 1259 1176 1298 Iovi
1192 1271 1327 1311 parem
1344 1258 1522 1306 fecerint,
1546 1269 1633 1297 eum

952 1381 1093 1424 πλέως,
1128 1378 1226 1423 ἄρας
1249 1377 1432 1423 ἐπάταξα.
1456 1399 1500 1404 —-
1524 1390 1637 1424 popu-

953 1429 1044 1460 lares
1084 1427 1227 1468 viros*]
1269 1427 1340 1460 hier
1376 1425 1529 1459 Freunde
1566 1424 1636 1459 und

197 1384 354 1424 ferendis
382 1384 449 1439 vgl.
477 1387 507 1425 5,
522 1386 574 1421 24
591 1387 620 1418 5.
637 1402 682 1408 --
706 1385 882 1424 interme-

198 1429 375 1472 tar-entur]
402 1425 473 1463 die
499 1430 657 1472 Deutung
688 1425 817 1472 gaben'
820 1442 828 1467 ς
855 1438 882 1461 s.

245 1522 274 1554 8.
305 1521 470 1553 sordibus
503 1523 536 1552 et
565 1519 673 1561 facie]
704 1519 769 1551 wie
796 1520 814 1559 ξ
842 1521 880 1552 4:

197 1569 324 1599 vestem
341 1590 350 1599 .
368 1592 375 1599 .
390 1567 569 1609 capillum.
582 1585 627 1589 —
643 1566 797 1604 reorum]
818 1565 882 1597 wie

199 1613 257 1645 der
288 1622 369 1644 reus
402 1612 525 1651 selbst3
559 1622 584 1644 s.
611 1612 648 1653 3,
683 1612 741 1650 58,
781 1613 806 1643 1.
838 1629 882 1633 —

199 1658 360 1699 linguam
384 1660 418 1689 et
443 1658 592 1697 animos]
619 1666 645 1690 s.
671 1657 726 1696 39,
745 1657 799 1697 40,
823 1657 882 1694 1Ο;

199 1704 255 1735 Cic
278 1702 319 1735 de
337 1702 426 1735 dom.
449 1705 528 1737 135:
555 1702 715 1744 linguam
735 1727 743 1735 .
765 1726 772 1734 .
788 1711 886 1733 men-

200 1752 277 1781 cem.

244 1793 300 1828 17.
334 1795 362 1827 1.
394 1794 702 1834 eoeprohrantimu]
738 1802 763 1824 s.
799 1793 830 1833 4,
853 1793 883 1825 5.

200 1858 243 1862 —
276 1841 508 1880 praecipe'tem
546 1839 673 1878 locum]
711 1836 885 1870 vielleieht

200 1884 413 1926 Anspielung
442 1883 502 1916 auf
532 1885 585 1923 20,
609 1884 656 1916 12.
682 1901 726 1907 —
760 1883 885 1914 discri-

200 1930 293 1960 mine
309 1929 472 1970 periculi]
491 1939 517 1961 S.
537 1929 567 1967 3,
586 1929 637 1967 18,
654 1930 689 1966 3;
712 1929 742 1968 8,
758 1929 811 1966 24,
834 1928 886 1960 12.

246 1976 276 2008 2.
305 1974 473 2014 Cassium]
500 1984 526 2006 s.
551 1975 581 2013 2,
597 1975 650 2013 41,
667 1975 695 2007 1.
720 1991 764 1996 —
789 1972 888 2004 Man-

201 2021 300 2061 lium]
323 2029 349 2052 s.
373 2021 404 2061 4,
422 2021 473 2059 13,
492 2021 520 2052 1.
540 2038 583 2042 -
606 2029 756 2051 mersam
776 2022 809 2049 ec
830 2019 887 2049 ob-

200 2067 332 2105 rutam]
359 2075 383 2098 s.
414 2067 471 2105 14,
499 2067 529 2097 7.
555 2083 597 2087 ——
625 2065 775 2106 partem]
802 2073 828 2095 s.
855 2064 885 2102 2,

201 2112 255 2151 24,
271 2113 301 2143 4.
319 2128 363 2134 -
380 2110 589 2149 libertatem]
610 2110 653 2141 im
672 2108 883 2151 Gegensatze

201 2167 243 2189 zu
275 2155 333 2188 der
359 2154 745 2192 Scliuldknechtscliaft;
777 2163 804 2186 s.
831 2155 883 2194 14,

201 2204 239 2239 4;
266 2200 334 2243 vgl.
353 2202 407 2243 34,
422 2202 452 2234 2.
488 2202 684 2233 libertatem
706 2210 748 2232 ac
774 2199 884 2231 lucem

202 2247 403 2287 allitteriert,
432 2246 495 2279 wie
523 2247 553 2287 7,
574 2246 627 2287 30,
643 2246 702 2284 23;
728 2244 797 2286 vgl.
824 2244 884 2287 §4

203 2291 269 2325 und
296 2293 326 2326 S.

247 2338 278 2370 3.
296 2337 479 2379 saginare]
496 2339 592 2370 sonst
603 2346 669 2368 von
678 2334 800 2368 Tieren
816 2333 883 2366 und

203 2382 256 2415 bei
287 2382 502 2415 Gladiatoren
533 2384 669 2423 gesagt;
701 2390 726 2413 s.
758 2380 824 2413 Cic.
851 2390 884 2435 p.

204 2426 290 2459 Sest.
310 2429 369 2465 783
397 2427 568 2479 Aristopb.
589 2427 649 2470 Eq.
678 2427 779 2460 1127:
805 2423 886 2460 κλέ·

203 2468 348 2507 πτοντά
368 2484 407 2507 τε
427 2468 616 2518 βούλομαι
641 2470 794 2526 τρέφειι
818 2467 884 2506 ἕνα

203 2514 441 2564 προστάτην·
480 2519 619 2552 τοῦτον
652 2513 700 2557 δ’,
739 2510 831 2552 ὅταν
864 2529 885 2560 ῃ

945 1473 1079 1506 -Fahrer
1096 1472 1155 1506 der
1173 1472 1291 1511 Plebs;
1308 1471 1378 1514 vgl.
1395 1473 1449 1513 20,
1468 1472 1499 1505 3.
1515 1489 1561 1495 —
1577 1472 1638 1504 Ιιο-

953 1521 1031 1551 cine
1044 1544 1051 1551 .
1069 1521 1090 1560 .]
1107 1519 1141 1551 in
1155 1517 1270 1560 Bezug
1283 1517 1373 1560 auf§
1389 1519 1424 1551 5:
1441 1516 1578 1549 nullam
1592 1542 1600 1551 .
1615 1541 1635 1556 .,

951 1581 996 1593 =
1021 1564 1064 1598 ob
1090 1574 1166 1596 man
1196 1563 1267 1597 sich
1299 1562 1353 1595 die
1378 1561 1637 1605 Gesangenneh-

953 1620 1057 1651 mung
1088 1610 1183 1642 eines
1211 1618 1249 1641 so
1280 1608 1518 1650 angesehenen
1543 1606 1637 1640 Man-

954 1665 1013 1688 nes
1042 1654 1131 1687 ohne
1159 1654 1392 1687 richterliches
1418 1652 1525 1686 Urteil
1550 1653 1637 1686 habe

953 1699 1100 1742 gesallen
1115 1700 1228 1733 lassen
1246 1699 1377 1732 diirfen.
1394 1718 1438 1723 —
1454 1700 1497 1739 si]
1512 1698 1557 1731 ist
1570 1698 1637 1731 wie

954 1746 1038 1778 nach
1055 1747 1181 1787 miror,
1202 1745 1346 1787 gaudeo
1363 1744 1551 1786 gebraucht
1568 1743 1637 1776 und

954 1801 1016 1823 nur
1048 1791 1098 1824 als
1129 1800 1412 1833 angenommener
1440 1788 1513 1823 Fall
1537 1791 1579 1828 (s.
1604 1791 1637 1829 7,

955 1837 1008 1877 31,
1023 1838 1057 1877 6)
1080 1846 1146 1869 von
1165 1836 1270 1878 quod,
1296 1834 1356 1868 das
1374 1845 1451 1868 man
1470 1845 1511 1868 an
1535 1845 1567 1868 u.
1587 1833 1636 1867 St.

955 1885 1122 1914 erwarten
1141 1881 1253 1922 sollte,
1271 1880 1502 1913 verschieden.
1520 1898 1566 1903 —-
1579 1881 1639 1912 cuz·

955 1937 1054 1959 servo
1092 1953 1100 1959 .
1127 1928 1147 1967 .]
1185 1925 1244 1959 das
1274 1924 1462 1958 Verfahren
1508 1925 1557 1957 sei
1596 1934 1638 1957 an

957 1972 1027 2005 sich
1054 1982 1093 2005 zu
1113 1972 1198 2011 hart,
1223 1970 1277 2004 bei
1294 1970 1441 2004 Manlius
1466 1980 1552 2013 ganz
1576 1980 1638 2003 un-

956 2016 1097 2059 wfirdig.

1001 2065 1032 2095 4.
1059 2073 1174 2104 paene
1204 2062 1342 2101 ultima]
1373 2059 1442 2102 v.gl
1468 2059 1558 2092 Curt.
1587 2061 1639 2100 10,

955 2110 987 2149 9,
1002 2109 1038 2141 3.
1073 2108 1205 2147 noctis,
1241 2117 1347 2149 quam
1375 2116 1490 2160 paene
1518 2115 1640 2148 supre-

953 2163 1046 2185 mam
1071 2154 1269 2185 habuimus.
1301 2170 1347 2176 -—
1372 2153 1451 2194 per]
1470 2145 1571 2184 fiber
1595 2175 1604 2184 .
1630 2179 1637 2186 .

954 2198 1011 2231 hin
1022 2192 1128 2240 ';vgl.
1148 2200 1178 2239 5,
1194 2199 1247 2238 46,
1262 2199 1301 2231 9:
1323 2208 1390 2240 per
1406 2197 1639 2238 praeruptam

955 2268 962 2276 .
989 2268 997 2276 .
1022 2254 1151 2276 samma
1182 2243 1317 2282 ευαάίις
1344 2245 1375 2284 5,
1397 2243 1451 2279 34
1466 2244 1504 2280 7;
1530 2242 1560 2282 8,
1585 2242 1637 2282 16,

955 2290 986 2322 9.
1013 2308 1054 2312 —-
1071 2289 1214 2321 sudoris
1231 2299 1273 2322 ac
1288 2288 1488 2330 sanguinis]
1515 2267 1639 2319 allitte-

954 2334 1108 2367 rierende
1134 2333 1369 2377 Verbindung3
1403 2343 1429 2366 s.
1464 2342 1505 2365 zu
1536 2332 1567 2372 2,
1583 2333 1638 2373 48,

956 2381 992 2417 2;
1020 2379 1088 2421 vgl.
1161 2381 1191 2412 2.

1003 2426 1033 2457 5.
1048 2380 1242 2467 selssraejssne]
1257 2425 1391 2464 s.5,47‚
1403 2424 1434 2457 8.
1451 2441 1491 2446 —
1508 2431 1640 2464 cogno-

955 2469 1061 2513 mine]
1096 2471 1129 2502 in
1155 2469 1490 2509 Ubereinstimmung
1519 2468 1581 2500 mit
1608 2469 1638 2509 5,

958 2517 1011 2557 31,
1037 2517 1073 2555 23
1108 2515 1175 2558 vgl.
1209 2514 1304 2548 Mms.
1338 2512 1403 2547 RF.
1429 2514 1461 2555 2,
1489 2513 1565 2547 184.
1595 2531 1640 2536 —
