1779 2828
34 104 82 135 >a.
102 96 171 125 cnr.
191 104 220 125 n.
240 97 307 125 368:
567 84 692 119 LIBER
716 83 771 119 Vl.
820 84 914 118 CAP.
940 87 994 119 40.
1446 84 1498 122 93

27 216 32 221 ·
58 202 170 242 cietis
200 201 395 242 decimum
424 194 631 240 tribunos.2
693 200 785 251 quid
816 182 872 239 est
904 199 1007 238 aliud
1038 200 1167 239 diceie
1203 197 1329 253 quod
1359 208 1502 268 petunt

57 260 134 307 alii,
157 272 230 299 nos
246 259 343 299 adeo
362 258 594 305 fastidimus
611 264 654 297 ut
665 257 947 297 sineinercede
961 269 1103 308 magna
1121 271 1201 296 non
1220 252 1494 310 accipiamus.
1481 257 1500 284 ⁹

57 316 124 356 sed
146 328 246 368 quae
266 315 424 355 tandem
447 316 519 355 ista
540 327 693 354 merces
714 321 786 361 est,
809 327 887 366 qua
907 327 976 354 vos
998 327 1155 366 semper
1175 315 1358 355 uibunos
1376 316 1502 367 plebis

56 371 298 413 habeamus?
344 369 406 412 ‘ut
428 368 667 425 logationes'
696 372 826 423 inquit
843 367 1037 420 ‘,nostras
1061 384 1131 411 seu
1153 372 1312 423 placent
1332 386 1401 412 seu
1424 373 1501 412 dis-

56 431 216 500 plicent,
250 443 321 470 seu
346 430 463 470 utiles
485 443 554 470 seu
575 429 734 469 inutiles
756 436 869 475 sunt,
903 441 1042 468 omnes
1063 429 1311 469 coniunctim
1333 430 1501 481 accipia-

56 484 131 528 tis.'
175 487 343 527 obsecro
371 500 451 534 vos,
483 487 688 539 Tarquinii
717 487 868 526 tribuni
891 486 1039 538 plebis,
1065 492 1199 538 putate
1222 500 1284 526 me
1307 499 1354 526 ex
1375 487 1502 526 media

57 544 246 584 contione
272 557 396 584 unum
420 545 544 585 civem
567 544 830 584 succlamale:
859 539 983 583 ‘bona
1013 544 1125 583 venia
1154 551 1284 583 v·est1a
1312 544 1426 584 liceat
1456 557 1503 583 ex

55 602 118 642 his
138 602 414 654 rogationibus
434 602 579 669 legere,
603 614 701 653 quas
721 601 899 641 salubres
921 601 1038 641 nobis
1054 614 1264 641 censemus
1281 615 1378 648 esse,
1401 601 1504 640 anti-

58 671 180 712 quare
209 656 339 700 alias'·
330 690 340 708 ,
366 653 479 699 ‘'non
516 660 646 711 inquit
661 655 824 698 ‘licebit.
877 665 919 698 tu
950 659 998 698 de
1038 659 1199 698 faen01e
1230 667 1346 710 atque
1385 659 1499 710 agris,

58 717 163 769 quod
187 717 233 756 ad
255 730 324 756 vos
347 729 486 757 omnes
507 717 700 769 pertinet
723 716 871 763 iubeas,
895 722 932 755 et
954 739 1006 744 -
1031 717 1106 755 hoc
1129 717 1304 768 portenti
1337 730 1417 755 non
1441 717 1505 755 fiat

59 774 99 814 in
121 773 223 813 urbe
244 774 437 822 Romana,
460 774 518 814 uti
539 774 582 813 L
606 773 783 813 Sextium
804 781 923 825 atque
945 773 1053 813 hunc
1075 773 1114 813 C.
1139 774 1335 813 Licinium
1360 786 1506 813 consu-

56 831 127 879 les,
155 831 260 883 quod
279 831 510 899 indignaris,
537 832 642 895 quod
662 830 914 877 abomina1is,
939 831 1090 879 videas;
1119 837 1183 870 aut
1207 831 1338 870 omnia
1357 831 1505 883 accipe

57 895 125 928 aut
155 889 252 928 nihil
283 883 391 928 sero.³
455 895 498 928 ut
526 889 558 928 si
590 888 679 940 quis
710 889 765 935 ei,
808 901 925 940 quem
957 895 1095 940 urgeat
1133 890 1276 936 fames,
1307 901 1506 928 venenum

59 952 184 998 ponat
204 958 295 985 cum
318 945 407 986 cibo
441 952 480 986 et
508 953 576 985 aut
596 946 795 986 abstinere
818 959 885 993 eo,
918 946 1024 997 quod
1046 946 1160 985 vitale
1183 946 1253 993 sit,
1287 946 1420 985 iubeat
1441 952 1507 984 aut

57 1003 311 1043 mortiferum
345 1003 451 1043 vitali
480 1003 705 1043 admisceat.
756 1015 850 1054 ergo
882 1003 914 1042 si
947 1009 1050 1043 esset
1081 1003 1204 1043 libera
1233 1004 1329 1042 haec
1358 1003 1503 1050 civitas,

59 1073 141 1100 non
164 1060 234 1100 tibi
268 1061 500 1112 frequentes
529 1061 854 1100 succlamassent:
886 1057 965 1099 ‘abi
996 1061 1088 1100 hinc
1120 1073 1209 1100 cum
1240 1060 1508 1100 tribunatibus

58 1130 104 1157 ac
125 1117 400 1170 rogationibus
421 1114 541 1158 tuisl'
575 1117 697 1170 quid?
728 1118 760 1157 si
782 1124 824 1158 tu
848 1131 927 1157 uon
951 1118 1100 1165 tuleris,
1125 1118 1231 1169 quod
1253 1118 1506 1157 commodum

59 1181 118 1215 est
137 1175 286 1228 populo
309 1176 502 1227 accipere,
525 1188 644 1215 nemo
667 1176 752 1221 erit,
777 1175 844 1227 qui
866 1174 995 1215 ferat?
1018 1175 1113 1214 illud
1135 1175 1166 1215 si
1191 1176 1278 1227 quis
1300 1176 1503 1227 patricius,

59 1232 92 1272 si
113 1232 221 1284 quis,
251 1233 359 1284 quod
389 1233 444 1272 illi
465 1232 605 1273 volunt
633 1233 865 1272 invidiosius
887 1245 994 1280 esse,
1025 1232 1209 1272 Claudius
1231 1233 1397 1272 diceret:
1423 1228 1509 1272 ‘aut

59 1341 104 1347 —
121 1323 211 1366 quid
225 1326 278 1355 est
294 1324 396 1356 aliud
411 1323 528 1356 dicere
542 1348 550 1357 .
566 1325 610 1365 .?]
626 1341 670 1353 =
685 1325 750 1356 lzoe

60 1371 112 1401 est
134 1369 254 1402 dicere
277 1370 340 1403 mit
365 1369 442 1402 dem
462 1369 665 1403 Ausdrucke
690 1369 751 1403 des

59 1414 268 1455 Unwillens3
295 1425 322 1449 5.
346 1415 367 1459 ξ
395 1417 452 1454 19;
479 1415 549 1458 vgl.
574 1417 606 1457 4,
633 1417 664 1457 2,
692 1416 750 1450 13:

61 1461 150 1503 quid
172 1472 245 1493 esse
274 1461 378 1494 aliud
410 1472 517 1504 quam
541 1463 694 1499 minari;
720 1463 753 1502 4,

60 1508 93 1548 4,
124 1508 162 1545 6;
188 1506 256 1540 Cic.
282 1506 325 1540 de
350 1505 408 1541 off.
434 1508 467 1549 3,
491 1509 551 1541 55:
585 1507 674 1550 quid
703 1511 754 1539 est

61 1554 154 1585 enim
171 1552 275 1585 aliud
289 1554 430 1586 erranti
451 1555 547 1586 viam
564 1564 637 1586 non
655 1563 754 1585 mon-

60 1601 189 1639 strare,
203 1624 210 1631 .
225 1623 233 1631 .
251 1600 283 1630 si
306 1600 372 1632 hoc
388 1609 462 1631 non
480 1602 544 1634 est.
569 1617 613 1623 -—
630 1600 707 1631 sine
720 1623 729 1632 .
745 1624 752 1631 .

61 1645 148 1685 non]
172 1659 218 1672 =
240 1646 313 1676 nisi
349 1648 495 1688 accepta
530 1644 692 1678 mercede
717 1671 725 1679 .
744 1669 752 1678 .

821 1323 995 1356 Tribunen
1020 1324 1054 1356 in
1086 1323 1146 1356 der
1170 1323 1371 1367 Ausregung
1395 1327 1509 1357 unter-

822 1369 972 1408 schiebt;
990 1370 1023 1402 in
1040 1369 1105 1402 den
1120 1368 1261 1403 Worten
1278 1371 1375 1411 quod
1387 1395 1394 1403 .
1411 1395 1418 1402 .
1431 1380 1510 1412 per-

823 1418 913 1447 tinet
936 1415 990 1448 die
1015 1414 1189 1458 Meinung,
1219 1415 1294 1448 dass
1320 1415 1374 1448 die
1400 1414 1510 1448 Mehr-

822 1462 897 1494 zahl
933 1461 991 1494 der
1017 1460 1175 1502 Plebejer
1208 1471 1270 1494 nur
1301 1460 1356 1494 die
1386 1461 1510 1494 beiden

823 1512 938 1540 ersten
964 1506 1108 1540 Gesetze
1133 1506 1311 1549 verlange;
1338 1507 1372 1539 in
1399 1508 1509 1540 hoc..

822 1553 945 1585 videas
981 1552 1098 1585 seinen
1135 1552 1296 1586 Abscheu
1342 1552 1398 1585 bei
1435 1552 1511 1585 dem

823 1598 959 1631 blossen
973 1598 1171 1639 Gedanken,
1190 1597 1265 1631 dass
1285 1598 1338 1631 ein
1354 1597 1512 1640 Plebejer

825 1643 956 1677 Konsul
966 1644 1103 1677 werden
1114 1643 1255 1678 konnte.
1270 1643 1369 1677 Hatte
1380 1644 1512 1687 Appius

61 1700 144 1724 non.

111 1736 163 1769 10.
185 1733 378 1778 Tarquinii
397 1736 537 1768 tribuni
550 1735 676 1777 plebis]
702 1735 754 1768 ihr

62 1780 266 1824 Tarquinier
296 1784 396 1814 unter
425 1780 503 1814 dem
528 1781 658 1814 Namen
685 1790 753 1814 xon

63 1825 352 1880 Volkstribunen,
378 1821 447 1859 ihr
471 1826 753 1869 Despotentribu-

64 1865 159 1912 nen';
178 1872 266 1914 eine,
284 1872 521 1906 besondersin
535 1873 594 1906 der
606 1872 752 1913 Anrede,

64 1917 180 1951 kuhne
210 1917 586 1962 Zusammenstellung;
619 1918 688 1961 vgl.
721 1920 752 1958 3,

65 1964 120 2004 39,
146 1964 177 1997 3.
201 1983 247 1987 -
270 1974 384 1997 unum
411 1988 419 1997 .
445 1966 467 2006 .]
501 1964 555 1997 ein
590 1964 754 2007 gewohn-

62 2008 170 2043 licher
188 2035 196 2042 .
210 2023 238 2049 .;
256 2019 283 2043 s.
301 2010 321 2051 ξ
342 2011 378 2049 6;
397 2011 452 2052 45,
465 2011 521 2052 39,
535 2012 570 2044 2:
588 2012 628 2042 in
647 2011 753 2043 turba

63 2057 271 2097 togatorum
294 2066 388 2088 unus
401 2057 583 2098 privatus.
607 2075 653 2080 —
675 2067 754 2088 sue-

64 2101 232 2141 clamare]
258 2111 285 2135 s.
309 2100 330 2144 ἓ
352 2103 409 2141 12;
435 2101 557 2135 anders
584 2103 615 2143 3,
631 2103 685 2143 50,
702 2104 754 2135 10.

65 2145 112 2179 lm
145 2145 331 2189 folgenden
361 2146 448 2180 wird
481 2147 541 2180 das
566 2146 755 2181 Verfahren

67 2191 103 2225 in
120 2191 214 2225 einer
230 2192 419 2226 Altercatio
436 2193 755 2232 veranschaulicht;

67 2247 96 2271 5.
120 2239 154 2279 4,
167 2239 199 2280 6,
215 2240 245 2272 1.
270 2257 315 2263 -
340 2239 432 2271 bona
457 2240 576 2280 venia]
602 2249 629 2272 5.
672 2241 757 2281 ,,41

67 2284 98 2317 3.
121 2302 168 2307 —
193 2283 298 2327 alias]
325 2299 369 2312 =
395 2287 542 2318 ceteras.

113 2330 167 2363 11.
202 2331 263 2362 tu*
293 2330 336 2362 de
366 2329 519 2369 faenore
551 2355 559 2363 .
586 2355 594 2364 .
624 2330 757 2372 videas]

66 2372 174 2417 Frage
195 2374 256 2408 des
273 2374 464 2409 Unwillens
488 2377 529 2417 (s.
543 2377 575 2417 2,
590 2378 621 2417 7,
635 2378 684 2417 9);
710 2392 754 2404 =

68 2418 113 2452 du
131 2420 308 2454 wolltest.
322 2431 381 2455 ,es
399 2421 502 2455 sollte
527 2421 623 2455 nicht
647 2432 753 2462 usw.;

69 2464 191 2506 gehort
221 2466 312 2500 noch
343 2477 384 2500 zu
418 2466 478 2501 der
506 2467 666 2501 Antwort
696 2467 755 2501 der

69 2508 254 2554 Tribunen,
280 2511 316 2546 in
343 2512 492 2546 welcher
516 2513 597 2546 aber
621 2513 754 2557 Appius

70 2555 164 2589 seine
187 2556 331 2591 Ansicht
363 2557 434 2592 und
464 2557 658 2601 Stimmung
688 2558 752 2592 den

825 1690 879 1723 die
903 1690 1064 1722 Antwort
1088 1689 1146 1723 der
1165 1688 1337 1722 Tribunen
1365 1690 1511 1730 einsach‚

825 1736 914 1769 ohne
956 1735 1178 1778 Erbitterung
1227 1735 1427 1778 angeffihrt‚
1473 1745 1511 1769 so

825 1781 944 1814 wslrde
982 1791 1017 1814 es
1055 1781 1202 1814 heissen:
1240 1792 1313 1814 non
1351 1781 1432 1814 licet
1471 1782 1513 1814 de

823 1826 973 1866 faenore
991 1830 1097 1869 atque
1113 1829 1214 1869 agris
1238 1829 1370 1867 iubere,
1397 1827 1438 1860 de
1463 1827 1513 1860 al-

825 1877 900 1906 tero
928 1873 1071 1905 consule
1096 1885 1113 1905 e
1133 1873 1234 1916 plebe
1259 1873 1414 1906 creando
1441 1884 1513 1906 non

824 1920 945 1951 iubere
968 1920 1201 1961 (antiquare).
1227 1938 1271 1942 —
1297 1921 1347 1960 tu]
1375 1919 1429 1952 die
1446 1919 1514 1952 An-

824 1964 904 1998 rede
930 1965 1025 1998 eines
1044 1965 1232 2005 einzelnen,
1260 1965 1326 1998 wie
1345 1966 1399 2007 22,
1415 1967 1468 2006 50,
1483 1967 1514 1998 ἵ.

825 2030 868 2035 -
893 2012 959 2044 hoc
979 2013 1151 2054 portentz]
1178 2021 1206 2044 5.
1224 2013 1255 2051 4,
1270 2011 1300 2051 2,
1316 2012 1346 2045 8.
1374 2030 1416 2034 —
1442 2021 1514 2043 non

823 2056 901 2097 fiat]
936 2067 961 2090 5.
996 2059 1050 2097 41,
1085 2059 1137 2091 10.
1172 2075 1214 2080 -
1245 2056 1445 2097 Semnum?
1472 2075 1514 2080 -

825 2104 1058 2143 abominaris]
1084 2113 1110 2135 5.
1128 2104 1180 2142 18,
1198 2104 1235 2141 9;
1263 2104 1318 2143 30,
1333 2104 1386 2144 25,
1404 2103 1456 2136 12.
1469 2121 1514 2126 —-

826 2148 959 2189 videas]
985 2158 1012 2181 S.
1034 2150 1065 2190 3,
1080 2150 1134 2188 30,
1149 2150 1179 2182 6.

874 2195 927 2228 12.
953 2194 1073 2235 vitale]
1109 2192 1337 2227 Lebenskraft
1367 2192 1513 2225 habend.

826 2259 869 2263 —
889 2240 1014 2281 libera]
1038 2240 1139 2275 naml.
1157 2250 1224 2272 von
1244 2239 1301 2271 der
1319 2237 1514 2271 Herrschast

827 2285 886 2318 der
899 2284 1085 2319 Tribunen.
1102 2304 1147 2310 —-
1165 2295 1243 2317 cnm
1259 2284 1514 2324 tribunatibus]

828 2341 854 2364 5.
881 2333 912 2372 5,
928 2332 982 2371 27,
998 2334 1028 2365 5.
1055 2350 1099 2354 —
1124 2330 1233 2373 quid?
1259 2331 1304 2369 ..]
1331 2329 1385 2362 ein
1412 2338 1516 2362 neuer

829 2376 944 2410 Grund
985 2386 1094 2419 gegen
1133 2375 1193 2408 das
1232 2373 1419 2407 Versahren
1457 2374 1516 2408 der

826 2421 1000 2455 Tribunen
1026 2421 1094 2454 und
1119 2419 1409 2463 Hervorhebung‚
1439 2419 1515 2454 dass

825 2477 861 2500 es
911 2470 1008 2499 unter
1064 2466 1209 2499 anderen
1256 2465 1516 2499 Verhaltnissen

825 2512 1046 2545 entschieden
1089 2511 1327 2555 gemissbilligt
1378 2512 1516 2545 werden

824 2557 952 2590 wurde.

1534 493 1570 525 10

1538 663 1574 697 ll

1539 894 1575 926 12

1540 1180 1576 1213 13
