1779 2828
139 107 167 127 a.
187 97 256 127 cnr.
277 106 306 127 n.
327 98 389 127 295.
620 86 746 122 Linea
772 87 812 121 x.
850 86 945 122 cap,
972 89 1026 122 25.
1053 88 1108 135 26.
1524 86 1606 124 169

138 205 258 247 simul
288 204 400 245 obire
422 217 528 245 unus
557 218 638 245 non
662 206 801 258 possit.
853 206 951 246 duas
976 218 1018 246 se
1041 205 1096 245 ibi
1117 205 1298 257 legiones
1320 205 1522 246 Romanas
1545 218 1608 245 re-

137 263 315 316 liquisse,
338 270 378 303 et
398 263 532 308 minus
555 263 735 316 quinque
758 264 863 303 milia
885 263 1064 316 peditum
1088 264 1351 316 equitumque
1372 276 1464 304 cum
1486 262 1515 303 F
1518 263 1607 303 abio

140 322 309 362 venisse.
351 321 428 362 sibi
448 321 608 374 placere
625 321 669 361 P.
688 321 852 362 Decium
871 322 1080 362 consulem
1100 321 1227 373 primo
1246 334 1407 373 quoque
1425 329 1609 375 tempore

137 380 178 420 in
200 379 401 420 Etruriam
431 378 479 418 ad
503 379 695 432 collegam
723 379 944 432 proticisci,
975 378 1019 418 L.
1045 379 1258 419 Volumnio
1282 379 1490 420 Samnium
1513 392 1608 432 pro-

137 438 307 478 vinciam
324 437 429 487 dari;
452 437 485 477 si
502 437 644 478 consul
659 437 770 477 malit
791 437 831 477 in
855 448 965 477 suam
986 437 1231 490 provinciam
1255 438 1326 485 ire,
1353 438 1609 478 Volumnium

136 496 177 536 in
196 495 398 536 Etruriam
421 495 467 535 ad
491 495 700 536 consulem
723 508 812 536 cum
836 496 1014 535 exercitu
1039 495 1143 536 iusto
1166 496 1370 536 consulari
1394 496 1607 548 proficisci.

136 565 227 594 cum
255 565 442 606 magnam
464 559 618 607 partem
649 560 826 594 moveret
857 554 984 594 oratio
1008 554 1225 606 praetoris,
1258 554 1300 594 P.
1324 554 1490 594 Decium
1513 567 1609 594 cen-

135 612 262 653 suisse
293 612 453 660 ferunt,
487 617 531 653 ut
563 612 697 652 omnia
728 612 884 665 integra
906 625 952 652 ac
974 611 1098 652 libera
1120 612 1166 659 Q.
1191 612 1312 653 Fabio
1337 620 1607 660 servarentur,

136 669 267 710 donec
298 670 359 711 vel
389 670 494 723 ipse,
527 671 559 711 si
592 683 665 723 per
688 670 943 710 commodum
966 671 1021 710 rei
1047 670 1228 723 publicae
1253 678 1407 723 posset,
1440 671 1607 711 Romam

136 728 311 769 venisset
340 728 401 769 vel
431 728 604 781 aliquem
635 742 682 768 ex
704 729 844 782 legatis
866 729 1058 777 misisset,
1092 742 1112 768 a
1136 742 1215 781 quo
1238 729 1409 769 disceret
1430 736 1607 776 senatus,

135 793 332 839 quantum
355 787 395 827 in
412 786 572 827 Etruria
594 787 687 827 belli
706 794 810 827 esset
833 787 1074 839 quantisque
1096 788 1457 827 administrandum
1481 789 1608 840 copiis

136 852 175 885 et
198 851 298 897 quot
321 858 393 898 per
417 846 541 886 duces
563 851 679 886 esset.
733 845 898 894 Fabius,
923 851 966 885 ut
988 846 1155 885 Romam
1178 846 1306 891 rediit,
1340 852 1377 885 et
1400 846 1441 885 in
1463 854 1604 886 senatu

135 909 174 943 et
204 902 427 956 productus
455 903 503 943 ad
525 904 719 956 populum
742 904 911 943 mediam
934 904 1159 944 orationem
1182 904 1340 951 habuit,
1373 911 1416 944 ut
1441 917 1515 944 nec
1538 918 1608 944 au-

134 973 230 1013 gere
263 974 338 1002 nec
370 962 554 1002 minuere
588 961 787 1002 videretur
818 962 909 1002 belli
933 963 1076 1002 famam
1100 962 1305 1015 magisque
1330 963 1370 1002 in
1394 963 1517 1002 altero
1541 964 1607 1002 azl-

134 1020 332 1060 sumendo
365 1020 466 1060 duce
489 1020 660 1060 aliorum
682 1019 893 1072 indulgere
917 1020 1046 1060 timori
1070 1033 1189 1073 quam
1212 1033 1284 1061 suo
1308 1028 1375 1060 aut
1397 1021 1454 1060 rei
1477 1021 1608 1073 pubii—

136 1089 205 1118 cae
222 1078 402 1131 periculo
421 1078 647 1119 consuleie.
680 1085 859 1118 cete1nm
877 1079 909 1119 si
927 1078 1001 1119 sibi
1019 1079 1243 1118 adiutorem
1262 1078 1354 1118 belli
1372 1079 1608 1131 sociumque

134 1135 292 1189 imperii
324 1137 486 1184 darent,
519 1149 697 1189 quonam
729 1136 848 1177 modo
881 1149 923 1177 se
950 1136 1128 1177 oblivisci
1151 1138 1193 1176 Ρ.
1218 1137 1313 1177 Deci
1337 1137 1514 1177 consulis
1538 1150 1609 1189 per

135 1201 194 1234 tot
225 1194 392 1248 collegia
425 1195 578 1247 experti
610 1194 758 1247 posse?
796 1195 999 1235 neminem
1034 1196 1214 1235 omnium
1247 1208 1384 1235 secum
1418 1195 1593 1246 coniun.0
1587 1195 1609 1234 i

135 1252 273 1301 malle;
301 1260 340 1293 et
361 1253 570 1318 copiarum
596 1253 691 1294 satis
712 1253 786 1294 sibi
810 1266 900 1293 cum
925 1254 967 1293 P.
992 1253 1113 1293 Decio
1137 1260 1174 1293 et
1198 1266 1417 1306 numquam
1442 1254 1608 1293 nimium

134 1310 310 1351 hostium
328 1312 436 1360 sore3
458 1311 519 1352 sin
543 1311 694 1364 collega
719 1312 813 1363 quid
837 1311 942 1351 aliud
966 1312 1111 1357 mallet,
1135 1319 1172 1351 at
1194 1310 1269 1351 sibi
1291 1312 1331 1351 Ι..
1354 1311 1609 1351 Volumnium

135 1369 277 1410 darent
307 1369 543 1410 adiutorem.
597 1369 779 1410 omnium
811 1383 949 1410 rerum
982 1369 1191 1410 arbitrium
1225 1377 1263 1410 et
1294 1383 1313 1409 a
1344 1370 1494 1423 populo
1527 1378 1566 1410 et
1588 1384 1607 1409 a

129 1485 266 1540 possit]
282 1494 310 1519 s.
330 1486 362 1526 9,
382 1485 435 1525 18,
452 1486 483 1520 6.
508 1503 554 1509 --
579 1484 629 1518 ad
653 1496 774 1517 omnia
801 1510 833 1519 ..

132 1531 244 1572 obire]
256 1511 362 1564 ‘nach'
369 1530 458 1564 allen
471 1529 590 1565 Seiten
605 1531 716 1574 thiitig
730 1527 832 1571 sein';

132 1587 160 1611 s.
175 1579 231 1619 31,
246 1577 301 1620 21,
317 1579 353 1612 9:
381 1579 480 1610 obire
498 1577 548 1610 ad
572 1588 693 1610 omnes
719 1603 750 1611 ..
777 1589 834 1610 co-

133 1625 257 1662 natum
276 1626 375 1657 sonst
392 1623 438 1657 ist
456 1622 516 1657 der
533 1623 751 1657 intransitive
769 1623 834 1657 Ge-

133 1669 262 1704 brauch
297 1680 366 1703 von
393 1671 494 1703 obire
519 1670 615 1703 mehr
640 1669 706 1704 den
733 1669 833 1704 Dicli-

134 1721 209 1750 tern
236 1715 304 1750 und
330 1714 498 1759 Sp'ateren
525 1717 638 1759 eigen.

182 1764 234 1797 15.
261 1773 342 1797 cum
366 1763 499 1805 Fabio]
526 1773 552 1797 S.
575 1765 607 1804 9,
631 1764 684 1805 13,
700 1765 739 1802 ss;
766 1763 836 1807 vgl.

181 1857 235 1892 16.
269 1857 309 1889 in
341 1866 445 1889 suam
469 1858 714 1899 provinciam]
748 1855 835 1889 nach

133 1901 324 1941 Samnium.
351 1913 393 1936 an
411 1903 467 1936 die
486 1901 594 1936 Stelle
613 1901 674 1936 des
694 1901 835 1936 Volum-

134 1949 229 1988 nius;
265 1958 292 1982 s.
313 1947 428 1992 Lange
449 1950 480 1990 2,
504 1950 581 1983 596.
632 1948 756 1982 Decius
790 1948 836 1982 ist

132 1994 207 2030 also
233 1995 322 2030 noch
349 1995 383 2029 in
408 1994 515 2037 Rom,
550 1995 728 2029 vielleicht
756 1995 834 2028 weil

133 2041 246 2085 gleich
272 2040 419 2086 anfangs
445 2042 624 2075 bestimmt
650 2052 732 2084 war,
758 2041 834 2075 dass

132 2097 168 2122 er
192 2087 362 2123 zunachst
394 2087 450 2122 die
475 2087 680 2131 Rastungen
709 2088 834 2122 betrei-

131 2134 199 2169 ben
224 2134 295 2169 und
320 2131 410 2169 daun
432 2138 503 2169 erst
520 2134 598 2169 dem
617 2134 743 2168 Fabius
769 2134 834 2168 sol-

132 2190 199 2224 gen
217 2181 332 2216 sollte.
351 2199 394 2205 —
414 2184 577 2216 exercitu
596 2182 702 2224 iusto]
720 2181 833 2215 einem

132 2226 252 2269 Heere,
278 2227 346 2261 wie
364 2237 402 2261 es
423 2228 496 2262 sein
516 2228 593 2269 soll,
620 2227 834 2268 vollstandig

133 2273 168 2307 in
194 2272 384 2308 Rsicksicht
409 2273 470 2307 auf
491 2273 736 2318 Truppenzahl
764 2273 831 2307 und

131 2319 423 2364 Ausrastung,.je
449 2320 537 2354 zwei
562 2320 736 2363 Legionen
763 2320 833 2354 und

132 2365 188 2400 die
223 2366 437 2409 wenigstens
468 2366 603 2410 gleiche
633 2366 716 2400 Zalil
741 2368 834 2399 socci

133 2412 235 2446 nebst
249 2412 309 2446 der
324 2412 491 2453 Reiterei;
506 2423 533 2448 s.
544 2414 598 2449 26.
613 2414 669 2451 14;
685 2422 725 2446 zu
738 2415 832 2446 iusto

133 2458 203 2503 vgl.
219 2460 250 2500 9,
265 2460 321 2501 43,
336 2461 366 2494 5.

182 2507 234 2539 17.
248 2506 407 2549 integra]
423 2515 501 2540 s.zu
511 2506 543 2543 8,
559 2507 585 2538 1.
601 2524 643 2529 -
658 2516 724 2547 per
738 2515 832 2538 com-

133 2551 279 2584 modum
303 2554 358 2584 rei
377 2552 557 2595 publicae]
577 2550 645 2593 vgl.
662 2552 715 2590 23,
730 2552 784 2591 24,
804 2552 832 2584 l.

182 2597 235 2632 18.
263 2597 406 2640 leg-aeis]
433 2608 459 2632 s.
480 2608 521 2632 zu
542 2599 574 2639 8,
596 2598 651 2638 32,
675 2598 735 2637 14;
761 2597 832 2640 vgl.

908 1486 964 1526 39,
984 1486 1038 1521 31,
1063 1486 1092 1517 4.
1119 1502 1164 1508 —
1190 1487 1277 1526 quot
1299 1496 1366 1527 per
1391 1485 1510 1525 duces]
1538 1484 1608 1527 vgl.

908 1529 1018 1565 Praes.
1036 1533 1073 1565 5:
1102 1533 1153 1564 lot
1166 1542 1234 1573 pet·
1250 1542 1384 1569 unnos;
1412 1534 1443 1571 5,
1458 1532 1512 1569 21,
1530 1533 1560 1564 7.

952 1576 1017 1612 26.
1049 1578 1077 1611 1.
1102 1577 1314 1619 productus]
1340 1587 1366 1611 s.
1382 1588 1424 1610 zu
1447 1580 1478 1619 3,
1499 1578 1555 1617 64,
1576 1579 1607 1611 7.

905 1643 951 1649 —
984 1623 1068 1656 belli
1091 1621 1243 1664 famum]
1279 1623 1310 1657 d.
1334 1624 1365 1657 h.
1393 1623 1458 1657 den
1492 1622 1608 1667 Ktieg,

908 1670 974 1703 wie
1002 1680 1037 1703 er
1063 1669 1141 1703 dem
1159 1669 1332 1704 Gersiclite
1356 1670 1442 1703 nach
1463 1680 1543 1704 war.
1563 1689 1608 1695 -—

904 1727 969 1749 suo
988 1719 1052 1749 auc
1069 1719 1124 1749 rei
1139 1716 1307 1759 publicae
1322 1717 1505 1760 pet-e'culo]
1523 1721 1608 1750 statt

905 1764 976 1795 sibi
1001 1766 1067 1795 aut
1091 1765 1146 1795 rei
1176 1764 1345 1805 publicae
1371 1765 1408 1796 iu
1431 1764 1608 1806 periculo.

955 1811 985 1843 2.
1013 1809 1218 1842 adiutorem
1236 1811 1330 1851 belle]
1351 1820 1376 1844 s.
1393 1820 1434 1843 zu
1450 1811 1481 1851 6,
1499 1811 1553 1848 22,
1569 1812 1606 1848 t5;

907 1855 992 1889 wird
1027 1855 1210 1899 gemildert
1243 1855 1350 1890 durch
1382 1859 1519 1890 socium
1545 1858 1609 1889 ἰηι-

902 1904 1015 1945 per-iz}
1049 1902 1212 1936 letzteres
1245 1902 1290 1936 ist
1323 1903 1395 1936 hier
1431 1913 1497 1936 von
1530 1902 1607 1936 dem

906 1948 1030 1991 Kriege
1049 1949 1083 1982 in
1102 1949 1258 1982 Etrurien
1282 1959 1324 1983 zu
1344 1950 1539 1990 verstehen,
1565 1949 1606 1982 da

905 1995 1030 2029 Decius
1064 2006 1105 2028 an
1142 1995 1215 2029 sicli
1250 1995 1356 2029 sclion
1391 1995 1441 2029 als
1474 1994 1604 2028 Konsul

903 2044 1024 2075 socius
1047 2044 1192 2085 imper-zi
1211 2053 1291 2075 war.
1318 2061 1361 2066 —
1389 2053 1567 2085 quonam.
1584 2044 1606 2083 .]

906 2089 974 2132 vgl.
990 2087 1087 2124 Hom.
1109 2090 1147 2121 K
1160 2090 1244 2122 242:
1272 2089 1304 2121 εί
1319 2089 1388 2131 μὲν
1406 2086 1450 2131 δὴ
1469 2085 1607 2133 ἕταρόι

903 2148 945 2190 γε
962 2132 1127 2168 κελεύετέ
1141 2132 1183 2176 μ’
1210 2131 1327 2169 αιτόν
1345 2133 1510 2173 ἕλε’,σθαι
1528 2135 1607 2168 πῶς

902 2178 948 2215 ἂν
964 2178 1086 2215 &mmm
1113 2178 1286 2224 ’ῙΟὸυσιος
1307 2179 1375 2227 ἐγα
1401 2180 1519 2214 θείοιο
1546 2179 1606 2214 λα-

907 2227 1072 2272 θοίμην,
1098 2228 1192 2261 Nach
1212 2227 1272 2261 der
1292 2227 1375 2271 Kap.
1396 2230 1438 2262 24
1458 2228 1606 2270 gegebe-

906 2284 970 2308 nen
983 2300 991 2316 ,
1011 2274 1189 2308 vielleicht
1208 2274 1302 2308 einer
1320 2273 1467 2307 anderen
1484 2273 1606 2312 Quelle

906 2319 1402 2362 entnommeiienDarstellung
1414 2319 1516 2353 sollte
1528 2330 1604 2353 man

904 2366 1205 2407 dieseAusserung
1221 2366 1314 2399 nicht
1328 2371 1516 2404 erwarten;
1536 2365 1604 2409 vgl.

905 2413 926 2455 ς’
943 2415 972 2447 5.
999 2431 1043 2436 -
1068 2416 1122 2445 tot
1147 2412 1313 2454 collegia]
1333 2423 1359 2446 s.
1375 2422 1415 2445 zu
1434 2414 1488 2453 13,
1506 2414 1557 2446 13.

953 2460 983 2492 3.
1010 2458 1174 2499 malle-fl*

953 2507 984 2538 4.
1000 2506 1162 2538 omnium
1178 2515 1300 2537 rerum
1315 2506 1523 2547 arbitrium]
1540 2505 1605 2538 wie

906 2552 938 2593 6,
954 2554 984 2591 ὅ,
1000 2552 1038 2585 6:
1056 2552 1220 2594 regimen
1239 2553 1398 2584 omnium
1412 2562 1546 2585 ret-um.
1561 2571 1605 2575 —

906 2608 925 2630 a
947 2597 1097 2641 populo]
1126 2602 1214 2631 setzt
1244 2597 1402 2631 ahnliclie
1431 2597 1605 2632 Verhand-

1644 212 1680 244 15

1642 443 1679 476 16

1642 559 1677 591 l7

1641 732 1678 766 13

1627 845 1678 882 26

1641 1082 1660 1113 2

1642 1197 1661 1228 3

1641 1372 1660 1403 4
