1731 2796
60 475 79 507 4
101 476 232 510 erunt.

100 527 233 567 dixere
248 558 257 574 ,
290 539 407 578 quem
430 532 592 566 senatus
613 525 844 564 dictatorem
878 525 952 564 dici
975 525 1155 563 iussurus
1177 524 1315 562 suerat.

99 67 179 106 136

619 63 745 98 LIBER
772 63 813 98 X.
851 63 946 98 CAP.
975 65 1027 99 11.

1345 79 1372 100 a.
1394 79 1422 100 u.
1446 78 1472 100 c.
1487 72 1548 100 455.

57 191 75 223 2
96 185 175 224 tius
212 183 260 222 ab
292 196 338 222 eo
369 194 462 222 casu
492 181 576 221 dies
604 181 696 220 finis
726 181 826 223 vitae
857 179 1011 220 consuli
1042 179 1126 219 fuit.
1170 189 1249 230 quo
1279 177 1386 218 velut
1415 177 1548 217 omine

98 241 190 281 belli
215 246 379 292 accepto
402 239 497 279 deos
518 251 590 290 pro
613 251 655 278 se
677 237 920 278 commisisse
942 236 1089 277 bellum
1107 241 1374 275 memorantes
1390 234 1551 275 Etrusci

57 303 76 336 3
98 298 294 339 sustulere
317 298 482 337 animos.
526 296 673 335 Romae
697 307 787 335 cum
807 294 1001 335 desiderio
1025 294 1094 333 viri
1117 299 1202 334 tum
1224 292 1550 333 incommoditate

98 348 289 408 temporis
316 354 437 394 tristis
469 353 634 393 nuntius
665 353 758 400 suit;
791 359 924 404 patres
945 352 992 392 ab
1024 351 1198 391 iubendo
1230 351 1422 390 dictatore
1452 361 1550 389 con-

99 413 194 453 sulis
215 411 458 464 subrogandi
481 411 638 451 comitia
671 422 717 449 ex
739 410 934 450 sententia
959 409 1188 461 principum
1215 408 1346 447 habita
1367 407 1550 447 deterru-

293 470 343 509 M.
367 469 562 508 Valerium
601 467 806 507 consulem
835 480 974 507 omnes
1005 465 1227 507 sententiae
1264 465 1552 516 centuriaeque

1377 529 1461 562 tum
1482 534 1552 561 ex-

60 590 78 621 5
100 585 247 637 templo
271 585 308 623 in
335 584 532 623 Etruriam
565 582 610 622 ad
645 582 822 634 legiones
853 581 1051 634 proficisci
1083 580 1207 621 iussit.
1250 580 1441 619 adventus
1466 579 1552 619 eius

101 642 325 694 conpressit
357 640 546 680 Etruscos
568 640 685 685 adeo,
717 645 758 678 ut
782 651 899 678 nemo
928 645 1034 679 extra
1057 638 1303 677 munimenta
1326 636 1460 689 egredi
1483 649 1552 676 au-

58 703 77 735 6
102 700 213 738 deret
233 700 430 749 timorque
454 698 632 749 ipsorum
656 696 851 735 obsidioni
875 696 1011 735 similis
1034 701 1148 735 esset.

1207 706 1338 745 neque
1368 694 1456 734 illos
1478 706 1551 733 no-

99 770 170 796 vus
202 756 344 795 consul
375 754 570 794 vastandis
601 754 704 805 agris
735 754 978 805 urendisque
1005 753 1140 801 tectis,
1172 763 1263 791 cum
1295 751 1438 803 passim
1470 763 1552 791 non

99 814 210 853 villae
233 814 360 853 solum
389 812 455 852 sed
480 813 711 863 frequentes
743 823 903 862 quoque
927 809 997 850 vici
1021 809 1217 850 incendiis
1239 810 1450 857 fumarent,
1483 807 1552 848 eli-

102 883 191 911 cere
214 871 259 909 ad
283 876 482 910 certamen
505 869 645 921 potuit.

215 928 311 968 Cum
336 928 410 966 hoc
433 927 595 978 segnius
617 925 763 965 bellum
789 925 979 977 opinione
997 929 1112 971 esset,
1135 923 1296 963 alterius
1318 922 1423 970 belli,
1446 921 1553 975 quod

102 985 235 1025 multis
264 986 303 1024 in
336 985 459 1024 vicem
491 983 666 1023 cladibus
698 982 802 1021 haud
826 982 1010 1021 inmerito
1034 980 1211 1021 terribile
1233 986 1335 1029 erat,
1367 980 1466 1019 fama
1491 979 1554 1019 Pi-

102 1043 298 1089 centium,
329 1054 523 1082 novorum
547 1041 768 1087 sociorum,
794 1040 938 1079 indicio
962 1045 1096 1079 exorta
1119 1043 1195 1078 est:
1229 1038 1426 1078 Samnites
1447 1049 1555 1076 arma

61 1104 79 1136 8
102 1107 141 1139 et
163 1100 422 1139 rebellionem
450 1105 628 1151 spectare
651 1110 773 1149 seque
797 1097 844 1137 ab
867 1097 913 1136 iis
935 1096 1163 1137 sollicitatos
1185 1108 1284 1136 esse.
1326 1095 1555 1135 Picentibus

102 1158 249 1208 gratiae
272 1164 380 1196 actae
404 1162 442 1195 et
463 1168 604 1207 magna
629 1168 719 1207 pars
741 1167 860 1194 curae
883 1154 1060 1206 patribus
1083 1153 1131 1193 ab
1155 1153 1312 1193 Etruria
1333 1153 1373 1192 in
1398 1152 1555 1192 Samni-

63 1218 82 1250 9
103 1222 162 1254 tes
183 1226 293 1254 versa
317 1220 386 1253 est.
440 1214 580 1253 caritas
611 1213 726 1251 etiam
755 1224 940 1251 annonae
969 1211 1176 1251 sollicitam
1203 1210 1397 1250 civitatem
1421 1209 1558 1249 habuit

150 1339 179 1371 2.
207 1339 335 1380 quo..]
362 1337 475 1371 indem
502 1347 578 1370 man
605 1337 639 1369 in
662 1336 792 1369 diesem

103 1383 257 1426 Ereignis
277 1408 284 1416 .
300 1410 307 1416 .
327 1383 423 1422 sand;
448 1393 473 1416 s.
495 1386 524 1423 1,
541 1385 701 1422 Τ,11.-
723 1392 792 1425 pro

103 1431 152 1470 se]
172 1432 315 1470 s.5,17,
330 1432 365 1467 ῖς
393 1429 462 1472 vgl.
486 1431 513 1469 1,
533 1430 585 1468 23,
606 1431 641 1466 4;
670 1429 723 1468 21,
739 1430 793 1467 40,

106 1477 157 1509 11.
185 1495 227 1500 -
261 1476 486 1515 commisisse]
512 1484 538 1508 s.
563 1476 593 1515 8,
617 1476 671 1515 25,
694 1476 725 1507 5.
751 1492 795 1496 —-

105 1523 352 1562 memorantes]
379 1532 406 1555 s.
425 1531 464 1554 zu
488 1523 539 1561 16,
557 1522 587 1553 6.

152 1569 181 1601 3.
207 1566 317 1607 Γαίῃ*
343 1587 386 1591 -
416 1570 541 1609 patres
561 1591 591 1599 ..
615 1566 794 1597 deterrue-

104 1613 224 1654 7·unt*]
252 1613 310 1646 der
337 1612 454 1653 Senat,
483 1612 632 1645 welcher
657 1610 713 1644 die
738 1609 797 1643 Er-

105 1669 267 1701 nennung
293 1659 387 1692 eines
413 1658 586 1691 Diktators
622 1657 674 1690 sur
699 1656 797 1698 notig

106 1704 267 1746 gehalten
295 1704 408 1745 hatte,
442 1704 559 1737 wurde
594 1703 699 1736 durch
730 1702 795 1735 den

108 1749 290 1790 Umstand,
337 1750 410 1784 dass
450 1750 483 1782 in
522 1749 586 1783 den
623 1748 795 1782 Komitien

107 1796 182 1829 eine
194 1796 323 1828 seinem
333 1795 508 1829 Wunsche
523 1793 796 1838 entsprechende

106 1846 167 1881 (eoe
183 1844 374 1884 sententia)
389 1841 487 1874 Wahl
505 1841 664 1884 ersolgte‚
683 1839 795 1872 davon

106 1887 323 1930 abgehalten.
353 1907 396 1911 —-
430 1888 596 1928 iubendo]
623 1897 649 1919 s.
674 1887 705 1926 8,
735 1886 793 1923 12;

109 1936 138 1971 1,
162 1934 214 1973 22,
236 1936 271 1971 1;
299 1932 425 1966 erklart
450 1933 521 1966 sich
548 1941 609 1965 aus
635 1931 694 1964 der
718 1940 795 1973 pas-

107 1979 203 2012 siven
221 1978 484 2012 Konstruktion:
501 1979 712 2011 dictatorem
724 1976 796 2009 dici

106 2025 229 2056 iubent
253 2023 335 2057 oder
361 2025 517 2057 dictator
541 2024 614 2056 dici
634 2024 794 2059 iubatum

106 2069 175 2112 vgl.
195 2080 235 2102 zu
252 2070 282 2110 3,
298 2071 351 2111 28,
368 2072 402 2108 ’ἰ;
430 2080 466 2103 es
484 2070 528 2102 ist
546 2069 606 2102 das
621 2068 675 2101 die
695 2067 796 2100 Wahl

107 2115 168 2148 des
202 2114 376 2149 Diktators
413 2114 630 2149 anordnende
658 2113 796 2147 Senats-

106 2160 260 2195 konsult.
304 2180 346 2185 —-
386 2161 543 2194 consulis
573 2159 797 2201 subrogandi

107 2208 266 2247 comitia]
286 2217 312 2240 S.
331 2217 371 2240 zu
391 2208 446 2248 39,
465 2209 519 2249 39,
534 2209 572 2244 ’ῖς
598 2205 667 2248 vgl.
686 2215 726 2237 zu
742 2206 796 2246 22,

108 2254 162 2294 35,
177 2254 206 2287 2.
258 2252 317 2286 Die
335 2252 526 2286 Nachwahl
549 2252 615 2285 wie
641 2253 671 2292 3,
693 2253 745 2293 19,
761 2252 795 2289 2;

155 2347 186 2378 4.
202 2344 400 2384 Valerium]
415 2342 486 2386 vgl.
502 2342 589 2377 Plin.
604 2346 635 2384 7,
651 2344 731 2376 157:
750 2341 798 2375 M.

94 2389 278 2425 ‚Valerius
297 2390 472 2423 Corvinus
497 2398 518 2423 0
533 2400 648 2422 annos
673 2388 797 2431 imple·

108 2437 181 2475 υίι,·
214 2438 316 2467 cuius
348 2438 444 2467 inter
473 2437 635 2477 primum
660 2438 695 2467 et
717 2445 796 2467 sea:-

110 2483 185 2513 tum
210 2481 433 2514 consulatum
450 2489 550 2515 XLVI
571 2482 661 2514 anni
678 2479 797 2520 fuer-23

110 2526 239 2559 ebenso
265 2526 354 2560 viele
372 2525 560 2560 Konsulate
574 2526 708 2560 seheint
725 2525 795 2559 Liv.

865 1334 1003 1378 geziiltlt
1028 1345 1068 1367 zu
1089 1334 1217 1374 haben3
1245 1343 1271 1367 s.
1287 1337 1318 1375 7,
1337 1334 1392 1375 26,
1409 1334 1467 1373 12;
1487 1333 1555 1376 vgl.

867 1384 897 1421 5,
916 1382 966 1414 14.
992 1399 1034 1404 -
1052 1380 1283 1420 sententiae*]
1303 1379 1357 1413 die
1376 1378 1556 1413 einzelnen

867 1426 1033 1460 Stimmen
1068 1426 1101 1458 in
1134 1425 1197 1459 den
1224 1425 1426 1465 Centurien,
1457 1428 1555 1458 sonst

864 1473 1046 1515 suffragia
1073 1474 1240 1514 geuannt;
1267 1470 1337 1514 vgl.
1363 1472 1394 1512 8,
1420 1472 1475 1512 37,
1495 1472 1555 1510 11;

866 1517 979 1561 Lange
1005 1519 1042 1559 2,
1068 1519 1153 1556 491;
1187 1515 1242 1550 die
1267 1516 1554 1550 Zusammenstel-

866 1565 950 1606 lung
973 1565 1172 1596 sententiae
1204 1561 1477 1606 centuriaeque*
1509 1561 1556 1595 ist

868 1609 1074 1648 ausfallend;
1094 1609 1162 1652 vgl.
1179 1609 1302 1650 26,18‚
1316 1610 1347 1642 9.
1361 1628 1405 1632 -
1417 1608 1555 1648 dixere]

868 1667 894 1689 s.
914 1657 945 1697 9,
961 1657 1013 1689 10.
1039 1675 1083 1679 —
1108 1658 1272 1687 iussurus
1290 1652 1428 1696 fuerat]
1452 1653 1555 1687 n'aml.

867 1711 969 1735 wenn
984 1701 1038 1735 die
1058 1700 1157 1734 Wahl
1177 1699 1272 1734 nicht
1289 1710 1328 1734 so
1341 1699 1556 1743 ausgefallen

867 1748 977 1785 w5re;
1004 1757 1029 1780 s,
1048 1757 1088 1780 zu
1109 1748 1164 1788 22,
1184 1747 1238 1788 22,
1259 1747 1313 1781 19.
1353 1764 1399 1770 -
1437 1747 1556 1787 iussit]

868 1803 894 1827 s.
913 1803 954 1827 zu
973 1794 1004 1834 2,
1020 1794 1074 1835 63,
1089 1795 1125 1832 3;
1151 1792 1222 1836 vgl.
1240 1793 1291 1833 16,
1308 1794 1337 1826 1.
1363 1792 1418 1833 32,
1432 1793 1463 1825 3.

913 1842 944 1873 5.
972 1843 1077 1871 emera
1093 1866 1099 1873 .
1116 1841 1138 1880 .]
1160 1849 1186 1871 s.
1200 1849 1241 1871 zu
1257 1839 1312 1879 35,
1326 1839 1357 1872 9.
1374 1857 1417 1862 —
1432 1839 1558 1870 timor-

866 1895 932 1928 que
941 1886 1101 1927 ipsorum
1112 1911 1119 1918 .
1131 1887 1153 1926 .]
1167 1887 1252 1918 statt
1261 1883 1480 1927 vorzugehen
1488 1882 1557 1916 und

867 1930 1099 1973 anzugreisen,
1127 1929 1241 1963 halten
1268 1929 1318 1963 sie
1343 1929 1416 1963 sich
1438 1929 1472 1962 in
1490 1928 1556 1962 den

867 1975 1010 2009 Stadten
1025 2002 1033 2016 ,
1065 1975 1179 2018 gleich
1211 1975 1261 2008 als
1293 1984 1394 2008 wenn
1423 1975 1473 2008 sie
1499 1974 1557 2008 be-

867 2021 977 2064 lagert
1000 2020 1152 2054 wurden.
1178 2039 1223 2044 —
1249 2020 1497 2061 obsidioni1=
1515 2022 1558 2052 ti-

866 2069 971 2108 mori,
985 2066 1104 2109 qualis
1122 2067 1342 2099 obsessorum
1360 2077 1431 2099 esse
1451 2066 1556 2106 solet3

868 2124 894 2147 s.
914 2123 955 2146 zu
971 2113 1141 2153 8,18,11.

913 2161 944 2192 7.
970 2159 1010 2190 in
1026 2159 1152 2199 vicem]
1175 2167 1202 2191 s.
1224 2158 1255 2199 6,
1271 2158 1325 2199 24,
1340 2159 1372 2191 7.
1390 2175 1435 2182 —
1452 2167 1558 2199 seque

869 2230 876 2238 .
893 2204 1126 2238 ‚sollicitatos
1151 2205 1234 2245 esse]
1269 2202 1558 2237 wahrscheinlich

867 2249 968 2284 stand
994 2249 1066 2283 dies
1088 2249 1150 2282 mit
1171 2248 1247 2282 dem
1269 2251 1322 2292 10,
1341 2250 1383 2284 12
1401 2248 1557 2282 erwfihn-

868 2299 925 2329 ten
952 2295 1106 2329 Bsindnis
1130 2295 1164 2328 in
1190 2294 1403 2338 Beziehung;
1430 2293 1485 2327 die
1503 2293 1558 2327 Pi-

869 2345 987 2375 center
1000 2341 1112 2375 haben
1128 2340 1182 2374 die
1199 2340 1457 2375 vorteilhastere
1475 2338 1558 2373 Ver-

868 2387 1022 2431 bindung
1047 2387 1109 2420 mit
1133 2385 1217 2420 Rom
1243 2385 1407 2429 gewahlt.

916 2435 947 2468 9.
996 2435 1131 2466 caritas
1164 2434 1342 2473 annonae]
1379 2431 1425 2465 ist
1456 2431 1558 2474 lange

869 2479 963 2513 nicht
972 2478 1138 2520 emanat,
1148 2476 1433 2511 wahrscheinlich
1441 2482 1558 2520 sorgte

870 2524 1081 2569 Kampanien
1115 2524 1168 2557 sfir
1202 2522 1444 2558 hinreichende
1473 2521 1558 2557 Vor-
