1779 2828
518 59 645 95 LIBER
670 59 753 96 vm.
805 59 898 111 cap,
927 61 982 96 33.
1009 63 1063 109 34.
1443 58 1524 97 275

67 79 95 101 a.
115 71 182 100 Chr.
204 79 233 100 n.
252 73 314 100 325.

69 178 173 218 diem
198 190 297 227 esse.
338 190 449 218 nunc
471 176 640 218 ducibus
661 176 801 230 populi
823 176 1015 223 Romani,
1040 189 1140 228 quae
1162 190 1213 216 ne
1234 177 1346 218 vietis
1370 170 1527 229 quiden]
1560 185 1596 218 18

66 235 172 276 bello
196 237 254 277 fas
274 236 408 284 fuerit,
430 235 558 287 virgas
579 241 617 274 et
638 247 799 275 secures
820 234 1037 274 victoribus
1060 241 1097 274 et
1118 234 1354 275 iustissimos
1376 236 1527 276 meritis

66 294 296 347 triumphos
316 293 520 333 intentari.
570 292 663 344 quid
691 293 796 332 enim
827 292 988 332 tandem
1020 304 1232 344 passurum
1254 292 1374 332 fuisse
1404 293 1527 333 filium
1561 300 1596 332 19

66 364 202 400 suum,
231 351 264 392 si
294 351 511 391 exercitum
533 350 747 398 amisisset,
778 350 810 391 si
843 351 976 398 fusus,
1008 351 1187 402 fugatus,
1219 350 1357 390 castris
1385 358 1526 392 exutus

66 407 234 450 fuisset?
270 421 350 461 quo
384 408 487 448 ultra
522 409 620 448 iram
651 408 961 460 violentiamque
997 408 1081 448 eius
1111 420 1359 448 excessuram
1391 409 1525 456 fuisse

66 479 184 520 quam
206 472 251 507 ut
270 465 500 506 verberaret
520 465 794 518 necaretque?
825 478 942 530 quan]
966 466 1212 506 conveniens
1235 478 1339 513 esse,
1363 473 1528 519 proptel
1560 473 1596 505 20

66 525 113 572 Q.
136 523 304 564 Fabium
327 524 523 564 civitatem
546 524 586 563 in
610 524 755 564 laetitia
776 524 962 572 iictoria,
992 523 1351 577 supplicationibus
1374 536 1417 564 ac
1441 537 1529 576 ,gr-a

66 581 328 622 tulationibus
349 595 446 630 esse,
469 594 573 629 eum,
594 588 761 635 propter
778 594 895 634 quem
918 582 1036 622 deum
1059 581 1221 621 delubra
1237 588 1413 635 pateant,
1438 595 1528 622 arae
1560 590 1596 623 21

64 639 268 680 sacrificiis
289 641 464 687 fument,
491 640 646 680 honore
670 640 785 680 (lonis
807 640 1084 687 cumulentur,
1117 640 1307 680 nudatum
1330 640 1449 693 virgis
1471 640 1526 680 la-

19 720 23 724 ·
66 698 194 738 cerari
214 697 255 738 in
279 705 500 750 conspectu
522 698 659 751 populi
681 698 872 744 Romani,
903 699 1126 737 intuentem
1151 697 1386 751 Capitolium
1409 705 1526 750 atque

65 768 197 796 arcem
220 754 395 808 deosque
418 756 465 795 ab
483 769 524 796 se
542 756 698 796 duobus
715 756 878 809 proeliis
900 756 1003 795 haud
1028 756 1172 796 frustra
1194 755 1422 796 advocatos!
1448 769 1526 808 quo
1559 765 1595 797 22

65 813 103 854 id
121 813 255 854 animo
273 813 504 862 exercitum,
523 814 590 866 qui
608 815 693 854 eius
711 815 832 854 ductu
848 814 1115 866 auspiciisque
1133 814 1300 862 vicisset,
1324 813 1525 854 laturum?

66 884 184 924 quem
207 871 362 911 luctum
392 871 432 911 in
465 871 604 912 castris
633 871 847 919 Romanis,
886 884 1002 924 quam
1037 871 1223 911 laetitiam
1260 872 1364 911 inter
1394 872 1527 912 hostes

64 929 170 969 fore!
209 930 306 969 haec
342 929 459 969 simul
488 929 668 981 iurgans,
707 942 902 982 querens,
938 929 1055 969 deum
1089 930 1377 982 hominumque
1408 930 1523 970 fidem
1557 940 1593 972 23

65 987 271 1027 obtestans
308 993 347 1026 et
385 987 605 1040 conplexus
646 987 769 1027 filium
810 988 992 1040 plurimis
1032 1000 1121 1027 cum
1155 987 1340 1028 lacrumis
1372 988 1525 1040 agebat.

65 1044 195 1085 stabat
217 1057 306 1084 cum
330 1057 377 1084 eo
400 1051 561 1085 senatus
584 1046 789 1090 maiestas.
822 1046 932 1085 favor
953 1045 1104 1098 populi,
1129 1045 1386 1085 tribunicium
1411 1046 1520 1085 auxi·
1546 1051 1596 1087 34

64 1102 182 1151 lium,
212 1102 404 1142 memoria
426 1102 602 1143 absentis
625 1103 841 1152 exercitus;
875 1116 920 1142 ex
942 1110 1054 1156 parte
1087 1103 1207 1143 altera
1230 1103 1441 1156 imperium
1464 1104 1525 1142 in·
1559 1114 1576 1146 2

64 1160 212 1201 victum
252 1161 390 1213 populi
423 1161 593 1200 Romani
634 1168 673 1201 et
703 1161 910 1213 disciplina
952 1161 1008 1201 rei
1041 1161 1221 1201 militaris
1254 1168 1291 1201 et
1323 1161 1526 1202 dictatoris

65 1218 239 1258 edictum
270 1231 345 1271 pro
377 1218 542 1258 numine
564 1230 723 1271 semper
749 1218 998 1259 observatum
1022 1225 1061 1259 et
1082 1219 1278 1259 Manliana
1301 1219 1465 1272 imperia
1488 1227 1525 1259 et

113 1309 166 1342 18.
191 1309 302 1348 nunc]
328 1317 355 1342 s.
383 1310 413 1349 ἵ,
440 1309 495 1350 30,
522 1309 552 1342 2.
583 1327 628 1332 -
654 1311 757 1352 quae]
830 1308 973 1351 Gebete,
995 1308 1196 1342 Libationen
1224 1319 1257 1343 u.
1275 1319 1317 1344 a.:
1344 1319 1370 1343 5.
1398 1310 1451 1344 23.
1474 1312 1524 1346 11.

65 1353 127 1388 das
163 1352 352 1397 Neutrum,
390 1353 548 1397 obgleich
584 1355 758 1388 hinterher

65 1402 190 1444 virgas
215 1403 250 1433 et
272 1411 415 1433 secures
445 1400 550 1444 solgt;
586 1401 645 1435 der
669 1402 757 1435 Aus-

65 1445 172 1481 druck
208 1445 520 1490 verallgemeinert.
558 1467 600 1471 —
640 1450 756 1489 victis]

65 1492 168 1527 nfiml.
193 1494 369 1526 intentari
395 1518 403 1526 .
427 1520 434 1527 .
460 1495 494 1526 si
518 1495 607 1527 victi
631 1497 756 1527 essent.

73 1575 87 1581 ,
114 1540 168 1574 19.
192 1541 434 1581 excessuram]
469 1539 588 1573 deutet
614 1540 676 1573 aus
697 1540 759 1574 das

66 1585 332 1619 Uberschreiten
366 1585 428 1619 des
459 1586 600 1619 rechten
632 1584 758 1620 Mafses

66 1631 144 1672 hin;
170 1641 249 1665 zum
267 1630 451 1665 Ausdruck
475 1632 544 1675 vgl.
571 1631 653 1666 Tac.
678 1633 759 1676 Agr.

65 1680 121 1719 -12,
147 1678 202 1712 21.
226 1696 271 1701 —
297 1687 404 1720 quam
429 1680 482 1719 ut]
507 1688 534 1712 s.
559 1678 581 1722 ξ
610 1680 662 1712 14.

112 1725 167 1758 20.
203 1733 310 1766 quam
341 1725 555 1757 conveniens
580 1726 663 1765 esse]
689 1724 760 1768 vgl.

65 1772 121 1812 45,
142 1771 195 1812 11,
210 1770 246 1809 83
265 1769 299 1802 in
318 1767 372 1802 Or.
388 1773 502 1803 recta:
521 1781 651 1813 quam.
668 1774 758 1809 .;est

65 1796 126 1850 dei·
144 1815 225 1850 Satz
252 1815 298 1849 ist
322 1814 399 1849 dem
427 1815 610 1859 folgenden
630 1816 760 1860 gleich-

65 1861 206 1907 gestellt
239 1864 324 1895 statt
349 1862 632 1905 untergeordnet.
669 1862 756 1905 dass,

66 1907 230 1943 wahrend
256 1906 363 1942 durch
381 1906 420 1947 Q.
440 1907 591 1943 Fabius.
606 1908 757 1951 d.,ieser

64 1954 185 1997 s,elbst
210 1953 312 1988 oder:
335 1953 412 1988 dass
433 1965 555 1989 zwar.
546 1980 588 1995 ..‚
615 1966 651 1989 er
676 1955 758 1989 aber

64 2011 152 2036 usw.
169 2019 215 2026 -
234 2000 375 2034 laetitia
389 2026 398 2034 .
413 2026 420 2034 .
431 2000 756 2044 gratulationibus]

65 2047 126 2081 das
163 2047 240 2081 eine
278 2045 377 2080 Glied
415 2047 657 2092 asyndetisch,
695 2048 756 2082 das

65 2093 190 2128 andere
214 2092 329 2135 nicht,
361 2093 428 2127 wie
454 2095 509 2136 34,
537 2094 604 2133 1f.;
643 2098 674 2137 Τ,
701 2096 755 2136 30,

65 2141 127 2179 23;
159 2141 313 2173 victoria
345 2138 422 2183 ffigt
452 2150 494 2174 zu
528 2139 665 2174 laetitia
691 2141 755 2175 den

65 2184 181 2220 Grund
215 2185 340 2228 hinzu,
376 2196 419 2219 ac
439 2187 757 2229 gratulationibus

65 2231 243 2266 bestimmt
254 2232 582 2275 supplicationibus
595 2243 756 2277 genauer,

64 2277 105 2312 da
132 2277 228 2312 diese
263 2277 351 2312 auch
384 2277 438 2312 bei
474 2279 647 2323 traurigen
673 2279 755 2313 Ver-

65 2323 298 2367 anlassungen
342 2324 540 2359 statthaben
582 2325 753 2365 konnten;

64 2369 134 2413 vgl.
151 2372 206 2413 10,
219 2371 273 2414 23,
286 2372 316 2405 1.
349 2369 410 2404 Die
425 2381 532 2414 ganze
551 2370 754 2406 Gedanken·

66 2415 159 2450 reihe
183 2416 230 2451 ist
254 2416 321 2450 wie
342 2418 372 2459 1,
391 2417 446 2460 26,
464 2419 496 2452 9

112 2463 166 2496 21.
193 2463 329 2496 honore
354 2442 469 2505 doniis]
494 2463 688 2508 uberhaupt
713 2479 757 2492 =

64 2507 301 2552 Ehrengaben‚
327 2508 424 2552 alles,
450 2519 523 2544 was
540 2509 601 2544 aus
620 2508 689 2544 und
715 2520 755 2543 an

65 2553 131 2588 den
162 2553 304 2588 Altaren
336 2554 396 2588 der
415 2536 539 2589 ’Gfitter
569 2555 758 2599 geschicht,

829 1356 861 1389 3.
887 1374 931 1379 —
949 1355 1137 1396 nudatum]
1157 1365 1182 1388 5.
1210 1356 1240 1395 2,
1261 1358 1291 1396 5,
1312 1357 1341 1390 S.
1358 1374 1403 1380 —
1423 1355 1526 1398 Capi-

830 1401 956 1434 tolium
970 1403 1007 1442 ..]
1023 1411 1048 1435 5.
1065 1403 1097 1442 6,
1109 1403 1164 1443 20,
1175 1403 1205 1435 9.
1221 1402 1411 1435 —duobus
1422 1413 1525 1445 proe-

829 1448 901 1489 liis]
928 1458 1000 1481 was
1026 1449 1081 1486 30,
1098 1451 1115 1481 Τ
1143 1447 1341 1481 bezweiselt
1369 1447 1496 1482 wurde.

878 1495 931 1528 22.
959 1505 1027 1537 quo
1048 1495 1086 1527 id
1110 1495 1244 1535 animo]
1272 1494 1340 1538 vgl.
1368 1496 1399 1535 3,
1421 1496 1474 1536 «Π,
1495 1497 1523 1528 ἵ.

829 1559 873 1564 -
893 1540 1003 1573 ductu
1018 1566 1025 1573 .
1040 1542 1061 1582 .]
1089 1551 1114 1574 s.
1133 1542 1188 1580 31,
1210 1542 1238 1575 1.

877 1587 931 1620 23.
958 1587 1067 1619 simul
1092 1612 1122 1620 ..
1148 1588 1192 1627 et]
1212 1597 1238 1619 5.
1259 1587 1290 1628 6,
1310 1588 1363 1627 25.
1390 1589 1428 1621 4:
1451 1597 1523 1620 ver-

832 1632 949 1666 bindet
963 1632 1036 1666 hier
1046 1632 1200 1666 mehrere
1211 1631 1410 1676 Participia:
1426 1639 1525 1666 unter

831 1677 1013 1719 Schelten,
1044 1678 1186 1722 Klagen.
1230 1697 1272 1702 —-
1316 1679 1523 1721 conplatus]

831 1724 923 1757 steht
937 1724 1001 1758 den
1018 1723 1107 1758 Part.
1124 1724 1237 1758 Praes.
1257 1724 1380 1767 gleich.
1394 1741 1438 1754 =
1452 1736 1523 1759 um·

832 1770 913 1804 sasst
940 1770 1097 1809 haltend;
1124 1781 1150 1804 s.
1178 1773 1208 1812 ἵ,
1235 1772 1290 1811 40,
1316 1771 1348 1804 3.

875 1815 940 1852 34.
975 1819 1003 1851 1.
1030 1819 1198 1850 maiestas
1222 1842 1230 1850 .
1258 1819 1279 1859 .]
1307 1816 1522 1861 Asyndeton,

829 1862 919 1896 dann
945 1863 979 1896 in
1007 1863 1027 1907 ξ
1055 1865 1073 1897 2
1099 1862 1374 1907 polysyndeton.

868 1910 898 1942 2.
917 1911 1109 1953 imperium
1127 1911 1301 1943 invictum
1313 1911 1443 1953 populi
1456 1910 1522 1944 Ro-

828 1957 940 1997 mam]
968 1956 1028 1989 das
1055 1956 1225 1990 romische
1257 1955 1354 1997 Volk,
1380 1957 1423 1989 im
1452 1957 1524 1991 ide-

829 2001 918 2035 ellen
934 2002 1038 2036 Sinne
1053 2004 1093 2043 (s.
1112 2005 1139 2042 1,
1155 2003 1209 2044 24,
1223 2004 1255 2043 5)
1270 2002 1321 2035 als
1338 2002 1444 2039 Staat,
1463 2003 1521 2036 hat

829 2047 889 2082 das
915 2048 1106 2093 Imperium.
1137 2068 1176 2073 —-
1213 2049 1380 2090 edictum]
1414 2060 1439 2083 5.
1467 2051 1521 2091 32,

830 2096 867 2132 3;
905 2095 949 2128 ist
986 2094 1163 2129 vielleicht
1198 2095 1273 2129 eine
1306 2095 1522 2139 Anspielung

828 2140 888 2174 aus
911 2140 965 2174 die
991 2151 1058 2174 von
1085 2141 1221 2184 einigen
1248 2151 1520 2184 angenommene

829 2186 1046 2230 Etymologie
1081 2186 1141 2221 des
1168 2186 1318 2221 Namens
1344 2186 1519 2225 Diktator;

828 2243 854 2268 5.
874 2232 980 2267 Varro
999 2233 1034 2266 L.
1053 2233 1087 2267 L.
1106 2236 1137 2274 5,
1154 2235 1215 2268 24:
1241 2234 1399 2266 dictator·
1425 2234 1522 2276 quod

828 2291 848 2312 a
884 2279 1030 2313 consule
1062 2280 1269 2321 dicebatur,
1305 2290 1386 2321 quoz
1424 2280 1518 2312 dicto

827 2326 1013 2359 audientes
1040 2336 1158 2358 omnes
1185 2328 1313 2364 essen&
1341 2324 1410 2368 vgl.
1437 2325 1458 2368 ξ
1481 2327 1517 2362 4;

828 2371 926 2406 Dion.
928 2375 974 2424 5,
991 2367 1135 2408 73:151&
1161 2367 1229 2426 τὴν
1246 2350 1425 2413 ἐξουσίαι
1449 2373 1519 2407 τοῦ

827 2413 995 2453 κεὶεύειν
1033 2409 1093 2453 ότι
1132 2416 1258 2455 θέλςοι
1301 2415 1398 2451 Mms.
1439 2416 1518 2451 StR.

830 2464 982 2504 2²,136.
1017 2481 1062 2487 -
1089 2474 1159 2506 pro
1186 2465 1346 2504 numine]
1378 2463 1432 2498 fur
1463 2464 1516 2497 ein

829 2509 1014 2552 g6ttliches
1039 2508 1278 2552 Machtgeb013
1309 2509 1378 2553 vgl.
1405 2511 1435 2550 6,
1466 2512 1517 2545 16.

830 2556 868 2588 3;
895 2557 1041 2589 invicta.
1065 2575 1108 2580 —
1134 2555 1333 2597 Manliana]
1359 2565 1385 2590 s.
1414 2559 1444 2599 7,
1463 2557 1517 2590 22.

1175 2614 1243 2648 IS*
