1731 2796
103 516 140 549 11
171 511 241 550 dos
263 510 394 549 hostes
416 507 616 559 equitibus
638 507 755 546 dedit.

167 108 247 146 178

686 104 811 139 LIBER
836 104 877 140 X.
915 103 1010 139 GAP.
1036 106 1090 140 29.

1414 123 1440 144 a.
1463 123 1492 144 u.
1506 123 1533 145 c.
1552 117 1613 144 459.

168 222 463 263 circumducere
495 221 595 270 alas,
629 229 671 261 ut
691 222 806 273 signo
828 220 917 260 dato
940 221 978 260 in
1003 227 1249 261 transversos
1271 227 1422 273 quanto
1447 221 1616 261 maximo

170 286 334 333 possent
364 280 513 331 impetu
536 279 811 326 incurrerent,
842 278 988 318 sensim
1022 291 1114 318 suos
1135 278 1247 330 signa
1269 278 1417 318 inferre
1439 278 1552 319 iussit
1577 284 1617 318 et

102 346 137 378 10
170 349 419 378 commovere
449 337 615 376 hostem.
657 342 866 388 postquam
901 348 981 374 non
1005 335 1133 375 resisti
1153 335 1248 375 vidit
1272 341 1311 375 et
1331 336 1434 375 haud
1456 334 1617 375 dubiam

170 394 442 435 lassitudinem
465 406 569 441 esse,
601 400 683 432 tum
717 393 908 432 conlectis
930 392 1116 432 omnibus
1147 392 1351 436 subsidiis,
1385 405 1485 445 quae
1509 392 1557 432 ad
1578 391 1617 431 id

172 459 328 504 tempus
344 457 621 498 reservaverat,
644 457 682 489 et
698 450 874 502 legiones
891 450 1102 489 concitavit
1123 456 1161 489 et
1181 450 1338 502 signum
1361 451 1407 489 ad
1426 450 1617 490 invaden-

809 519 882 546 nec
907 507 1186 547 sustinuerunt
1207 507 1404 546 Samnites
1425 508 1616 559 impetum
1658 526 1661 529 ·

173 573 409 619 praeterque
440 565 561 604 aciem
594 565 717 616 ipsam
741 564 941 603 Gallorum
973 564 1120 603 relictis
1150 565 1190 603 in
1223 564 1474 604 dimicatione
1501 564 1618 604 sociis

105 630 141 663 12
172 624 218 663 ad
240 630 364 663 castra
393 623 519 661 effuso
541 634 659 661 cursu
684 621 932 669 ferebantur;
963 620 1059 660 Galli
1093 621 1289 661 testudine
1317 622 1416 661 facta
1448 621 1618 661 conferti

173 681 341 721 stabant.
392 686 474 718 tum
499 679 642 718 Fabius
673 679 801 717 audita
833 684 959 717 morte
990 678 1162 730 collegae
1185 678 1475 730 Campanorum
1506 678 1618 724 alam,

176 739 416 789 quingentos
438 738 519 775 fere
542 736 704 788 equites,
738 735 928 775 excedere
951 735 1032 774 acie
1055 735 1163 774 iubet
1194 742 1232 774 et
1253 735 1540 775 circumvectos
1570 735 1618 774 ab

107 801 143 834 13
174 802 286 846 tergo
309 794 495 833 Gallicam
528 793 712 832 invadere
743 793 864 833 aciem
875 805 884 841 ;
917 792 1054 831 tertiae
1076 791 1220 831 deinde
1241 792 1408 844 legionis
1429 792 1619 843 subsequi

174 852 377 904 principes
394 858 442 899 et,
467 863 542 902 qua
565 849 767 890 turbatum
785 862 926 901 agmen
949 849 1122 889 hostium
1137 849 1317 889 viderent
1336 849 1487 902 impetu
1509 849 1621 901 equi-

107 916 143 948 14
174 917 269 957 tum,
302 910 449 948 instare
471 920 515 947 ac
536 907 694 947 territos
717 907 892 946 caedere.
944 906 1028 958 ipse
1050 907 1184 946 aedem
1207 906 1287 946 Iovi
1309 906 1455 946 Victori
1476 906 1621 959 spolia·
1651 918 1661 952 ,ἒ

177 980 252 1018 que
284 966 455 1005 bostium
489 977 578 1004 cum
611 965 789 1011 vovisset,
821 965 866 1003 ad
899 970 1024 1004 castra
1057 963 1291 1003 Samnitium
1321 964 1511 1016 perrexit,
1543 976 1622 1016 quo

107 1031 143 1063 15
174 1024 382 1063 multitudo
407 1023 534 1062 omnis
557 1028 808 1062 consternata
831 1021 1031 1073 agebatur.
1073 1021 1146 1061 sub
1169 1021 1255 1072 ipso
1278 1021 1389 1068 vallo,
1421 1021 1513 1072 quia
1533 1027 1622 1060 tan-

177 1089 253 1120 tam
272 1080 564 1119 multitudinem
582 1086 720 1132 portae
738 1092 819 1118 non
839 1090 1040 1130 recepere,
1056 1084 1243 1131 temptata
1254 1078 1302 1118 ab
1321 1078 1490 1118 exclusis
1507 1077 1623 1118 turba

109 1145 146 1178 16
176 1151 339 1178 suorum
372 1149 506 1189 pugna
538 1143 614 1186 est;
648 1136 699 1175 ibi
734 1136 880 1175 Gellius
902 1135 1106 1186 Egnatius,
1138 1137 1355 1188 imperator
1375 1135 1624 1184 Samnitium,

180 1195 332 1235 cecidit.
384 1194 566 1246 conpulsi
588 1194 730 1232 deinde
762 1194 864 1232 intra
886 1193 1029 1232 vallum
1052 1193 1248 1233 Samnites
1269 1205 1469 1246 parvoque
1495 1198 1625 1233 certa-

113 1261 148 1293 17
178 1253 285 1292 mine
319 1258 429 1303 capta
463 1257 603 1296 castra,
637 1257 673 1289 et
696 1250 793 1289 Galli
825 1249 870 1288 ab
903 1255 1015 1301 tergo
1039 1250 1309 1290 circumventi.
1361 1262 1473 1290 caesa
1494 1262 1541 1289 eo
1563 1249 1625 1289 die

179 1310 351 1349 hostium
375 1308 511 1360 viginti
529 1308 705 1359 quinque
727 1307 844 1354 milia,
869 1312 958 1345 octo
974 1313 1098 1358 capta.
1142 1320 1216 1346 nec
1232 1308 1442 1347 incruenta
1464 1307 1625 1347 victoria

113 1375 150 1408 18
180 1368 273 1416 fuit3
307 1378 397 1405 nam
420 1378 465 1404 cx
488 1365 529 1405 P.
553 1365 646 1404 Deci
669 1364 843 1404 exercitu
868 1375 977 1402 caesa
1000 1370 1152 1415 septem
1175 1364 1292 1411 milia,
1325 1377 1371 1403 ex
1392 1363 1487 1403 Fabi
1520 1363 1627 1403 mille

181 1423 435 1477 septingenti.
469 1421 613 1461 Fabius
630 1422 798 1461 dimissis
815 1420 861 1460 ad
875 1421 1145 1472 quaerendum
1157 1421 1331 1473 collegae
1342 1433 1488 1474 corpus
1504 1420 1626 1472 spolia

177 1531 234 1568 ‘an
271 1535 330 1568 der
360 1533 451 1567 Seite
485 1533 544 1567 der
577 1533 702 1567 Feinde
732 1534 867 1567 herum-

182 1576 325 1622 siihren'‚
352 1579 497 1613 sondern
516 1597 560 1609 =
580 1579 640 1613 aus
662 1580 771 1613 einem
790 1578 869 1612 Um-

183 1637 281 1669 wege
296 1636 334 1659 so
350 1626 480 1667 sfihren,
495 1625 570 1658 dass
585 1625 633 1659 sie
652 1636 692 1658 an
713 1625 766 1658 die
776 1625 869 1658 Seite

185 1672 242 1706 der
253 1671 379 1705 Feinde
394 1682 434 1705 zu
448 1671 568 1705 stehen
583 1671 763 1713 kommen3
779 1681 805 1704 s.
816 1672 870 1712 39,

185 1720 240 1758 31,
256 1720 293 1752 6:
320 1728 398 1749 cam
424 1719 602 1760 equitibus
619 1743 626 1751 .
650 1743 657 1750 .
679 1717 870 1759 paululum

186 1766 442 1797 circumvectus
475 1765 512 1795 in
539 1773 688 1795 cuneum
718 1764 872 1795 hostium

186 1834 194 1842 .
211 1835 219 1842 .
237 1811 280 1842 ab
307 1809 418 1842 latere
434 1811 603 1842 incurrit.
628 1828 672 1833 —
695 1810 801 1850 signa
818 1810 872 1840 in-

186 1855 296 1896 ferre]
322 1855 375 1887 bis
396 1855 484 1895 jetzt
505 1854 614 1887 haben
642 1854 691 1888 sie
717 1854 787 1887 sich
815 1853 873 1887 de-

188 1902 299 1934 fensiv
324 1900 511 1933 verhalten.

235 1960 288 1990 10.
316 1958 477 1989 omnihus
492 1957 672 1997 subsidiis]
698 1955 764 1988 alle
779 1955 872 1988 nicht

187 2003 219 2036 in
240 2003 299 2035 der
316 2006 427 2035 ersten
443 2002 543 2035 Acies
561 2001 747 2035 stehenden
764 2000 871 2043 Trup-

187 2058 272 2091 pen;
291 2048 359 2090 vgl.
379 2049 410 2088 9,
426 2049 478 2089 27,
493 2049 524 2082 9.
551 2046 625 2079 Von
641 2047 705 2080 den
720 2045 872 2079 Bundes-

189 2103 359 2136 genossen
393 2093 438 2125 ist
468 2092 554 2126 auch
587 2092 660 2125 hier
694 2092 788 2124 nicht
820 2091 873 2124 die

189 2139 292 2172 Rede.
319 2158 361 2163 —
389 2140 532 2180 signum
558 2138 606 2170 od
623 2163 631 2172 .
652 2139 673 2179 .]
700 2148 726 2171 s.
752 2148 793 2170 zu
819 2139 873 2178 45,

189 2186 243 2226 34,
268 2187 300 2218 4.

238 2244 289 2276 12.
316 2241 491 2274 testudine
516 2240 629 2282 s'acta]
656 2241 699 2273 ist
724 2239 816 2273 nicht
840 2240 872 2272 in

189 2288 264 2321 dem
300 2287 562 2330 gewohnlichen
589 2285 693 2319 Sinne
728 2296 768 2318 zu
800 2295 875 2318 ver-

191 2333 325 2372 stehen;
353 2343 378 2366 s.
397 2343 438 2366 zu
457 2334 511 2373 43,
526 2335 555 2366 5.
572 2351 614 2355 —
638 2331 794 2371 conferti
805 2335 873 2364 sia-

192 2381 288 2420 banl]
319 2380 363 2412 ist
388 2378 473 2411 nach
501 2378 521 2420 ξ
546 2380 584 2411 7:
617 2380 792 2410 sternitur·
816 2387 874 2409 cu-

191 2435 278 2457 neus
314 2428 539 2462 unerwartet;
578 2422 637 2456 der
674 2433 780 2466 ganze
812 2422 876 2455 Ge-

192 2469 303 2511 danke
325 2469 419 2502 Galli
433 2496 440 2504 .
456 2471 621 2502 ,stabant
642 2469 707 2502 soll
728 2478 790 2501 nur
811 2467 875 2501 den

192 2514 374 2557 Ubergang
382 2525 456 2548 zum
468 2514 661 2557 Folgenden
670 2513 876 2547 vermitteln:

195 2559 248 2592 die
267 2559 393 2592 Gallier
419 2560 565 2593 n'amlich
592 2559 735 2593 standen
759 2560 878 2592 immer

939 1532 1047 1571 noch;
1072 1533 1142 1576 vgl.
1162 1534 1193 1573 8,
1214 1535 1246 1574 9,
1267 1535 1319 1568 14.
1344 1551 1389 1557 —
1414 1535 1627 1576 quingentos

939 1577 1016 1617 fere
1041 1580 1188 1621 equites]
1215 1578 1269 1612 die
1288 1578 1532 1621 kampanische
1549 1577 1628 1612 Rei-

942 1625 1025 1657 terei
1052 1627 1092 1664 (s.
1108 1626 1162 1666 26,
1179 1626 1234 1666 14)
1252 1624 1298 1658 ist
1314 1625 1349 1657 in
1368 1624 1456 1657 zwei
1474 1625 1552 1657 alae
1569 1634 1626 1668 ge-

941 1670 1032 1708 teilt;
1058 1681 1085 1705 S.
1103 1670 1124 1713 ξ
1143 1672 1179 1709 9;
1205 1680 1246 1703 zu
1271 1670 1347 1710 sere
1371 1669 1442 1713 vgl.
1461 1672 1516 1712 40,
1530 1672 1561 1704 6.

990 1717 1209 1758 13..agmen]
1235 1726 1262 1749 s.
1287 1726 1329 1750 zu
1356 1717 1386 1757 8,
1402 1717 1456 1759 30,
1474 1717 1506 1750 6.

989 1775 1041 1806 14.
1069 1773 1223 1814 Victor-2]
1248 1782 1274 1807 s,
1296 1773 1353 1814 42,
1376 1775 1411 1812 7;
1443 1772 1520 1806 dem
1546 1771 1628 1815 Sieg

942 1818 1204 1857 verleihenden;
1230 1818 1299 1861 vgl.
1315 1817 1377 1852 Ov.
1390 1818 1480 1852 Fast.
1495 1820 1527 1860 4,
1541 1819 1604 1853 621
1619 1830 1626 1851 :

942 1867 1093 1907 occupat
1126 1865 1268 1907 Aprilis
1298 1864 1381 1897 idus
1416 1866 1630 1907 cognomine

944 1910 1069 1942 Victor
1092 1910 1264 1952 luppiter.

991 1957 1042 1989 15.
1075 1957 1139 1988 sub
1170 1957 1247 1998 ipso
1264 1984 1271 1991 .
1287 1957 1308 1996 .]
1338 1955 1435 1989 dicht
1460 1958 1559 1989 unter
1575 1980 1584 1989 .
1603 1969 1628 1995 .;

942 2001 1011 2044 vgl.
1038 2001 1132 2034 Caes.
1158 2000 1225 2034 BG.
1244 2003 1275 2041 6,
1292 2002 1348 2042 37,
1366 2002 1398 2035 2.

991 2049 1044 2081 17.
1077 2048 1166 2087 octo]
1192 2056 1218 2080 s.
1245 2047 1307 2088 36,
1329 2049 1368 2087 4,
1391 2048 1429 2085 5;
1462 2045 1629 2089 Polybios

945 2091 1035 2124 sahrt
1059 2102 1101 2124 an
1126 2091 1186 2124 der
1211 2102 1252 2124 zu
1271 2092 1332 2132 27,
1354 2092 1373 2125 8
1404 2091 1630 2134 angeffihrten

946 2137 1052 2170 Stelle
1071 2137 1154 2170 fort:
1178 2135 1262 2170 τοὺς
1275 2137 1344 2179 μὲν
1356 2135 1548 2170 πλείστους
1559 2136 1631 2178 (der

945 2182 1072 2216 Gallier
1092 2182 1158 2215 und
1183 2182 1371 2223 Samniten)
1396 2177 1629 2221 ἇπέκτεινανς

944 2228 1012 2271 vgl.
1032 2227 1173 2261 Diodor:
1199 2225 1438 2274 ἀνῃρέθησαν
1461 2225 1534 2262 ὑπὸ
1549 2223 1631 2261 Ῥω-

943 2276 1066 2316 μαίων
1085 2299 1093 2307 .
1109 2298 1116 2306 .
1137 2270 1223 2306 δέκα
1247 2271 1433 2319 μυριάδες,
1459 2269 1509 2307 ὥς
1540 2270 1632 2318 φήσι

944 2319 1082 2363 Δοῦρις.

994 2378 1047 2410 18.
1087 2375 1341 2419 septingentz']*
1379 2395 1424 2399 —
1464 2375 1632 2415 dimissis]

946 2421 1032 2455 dazu
1046 2423 1092 2454 ist
1107 2421 1166 2454 das
1181 2421 1329 2463 Subjekt
1342 2430 1432 2477 ¹*ganz
1449 2420 1631 2463 allgemein

948 2467 1252 2509 hinzuzudenken,
1281 2483 1326 2496 =
1360 2465 1632 2506 Mannschaften,

947 2510 1081 2553 Leute';
1107 2523 1134 2546 S.
1160 2524 1201 2546 zu
1221 2515 1250 2554 1,
1264 2513 1319 2555 31,
1334 2513 1365 2545 2.
1390 2531 1435 2536 —-
1459 2512 1508 2545 ad
1527 2521 1634 2555 quae-

947 2559 1097 2591 rendum
1113 2584 1120 2590 .
1136 2560 1155 2599 ,]
1197 2557 1283 2592 auch
1320 2557 1391 2591 hier
1431 2556 1635 2591 wiederholt
