1731 2796
202 96 280 135 180

700 95 827 129 LIBER
851 95 917 129 VII.
965 95 1059 130 CAP.
1085 97 1136 130 36.

1433 114 1460 134 a.
1478 115 1509 135 u.
1530 115 1556 136 c.
1576 108 1634 135 411.

149 218 166 250 3
198 218 321 252 castra
341 212 522 263 cepisset,
549 210 703 259 Decius,
730 211 915 263 quoniam
942 211 1240 261 nonbfallerent,
1266 211 1476 250 clamorem
1496 212 1635 253 tollere

197 269 313 308 iussis
342 268 531 308 militibus
558 268 735 319 torpidos
765 280 905 307 somno
942 268 1106 319 insuper
1136 280 1278 319 pavore
1317 268 1524 316 exanimat,
1556 282 1634 321 quo

197 326 413 378 praepediti
441 337 514 364 nec
541 337 649 364 arma
665 325 820 377 inpigre
837 337 977 376 capere
1005 337 1078 364 nec
1097 324 1286 364 obsistere
1303 337 1376 363 nec
1393 325 1548 377 insequi
1563 339 1635 378 po-

148 388 168 421 4
197 388 338 422 terant.
383 382 486 421 inter
506 382 808 433 trepidationem
832 382 1123 432 tumultumque
1147 381 1379 421 Samnitium
1396 383 1636 433 praesidium

197 439 419 478 Romanum
452 438 574 478 obviis
606 439 832 478 custodibus
862 438 984 477 caesis
1015 438 1061 476 ad
1089 444 1215 477 castra
1247 438 1419 478 consulis
1449 440 1634 490 pervadit.

150 503 168 534 5
198 496 439 547 aliquantum
478 502 682 546 supererat
713 495 860 542 noctis,
892 495 1046 545 iamque
1078 495 1117 533 in
1148 500 1232 534 tuto
1269 495 1503 535 videbantur
1538 510 1636 546 esse,

199 565 286 592 cum
319 552 459 592 Decius
495 547 637 590 ‘macte
666 545 816 590 virtute³
851 551 1000 602 inquit,
1027 546 1186 590 ‘milites
1214 551 1402 600 Romani,
1433 559 1535 603 este;
1571 567 1636 594 ve—

148 616 167 647 6
199 616 322 649 strum
348 609 422 647 iter
448 622 492 648 ac
508 608 676 647 reditum
694 608 825 647 omnia
851 608 1004 647 saecula
1022 607 1203 647 laudibus
1220 608 1368 657 ferent;
1391 609 1458 648 sed
1476 610 1522 648 ad
1540 623 1637 650 con-

199 666 438 717 spiciendam
470 671 620 704 tantam
648 666 831 705 virtutem
853 665 941 704 luce
963 677 1007 703 ac
1038 665 1099 703 die
1121 677 1221 716 opus
1243 670 1314 712 est,
1345 678 1421 705 nec
1441 679 1508 706 vos
1529 667 1639 719 digni

200 722 313 769 estis,
346 735 445 773 quos
472 734 560 761 cum
591 729 696 761 tanta
726 722 850 774 gloria
871 722 910 761 in
935 727 1059 760 castra
1080 721 1246 761 reduces
1273 722 1471 761 silentium
1494 736 1538 763 ac
1560 737 1640 764 nox

150 788 167 799 ,-

157 798 163 818 l

150 1297 170 1329 9

134 1410 170 1443 10

196 785 311 830 tegat.
362 780 425 818 hic
448 780 578 818 lucem
601 779 721 829 quieti
744 772 1019 831 opperiemur?

1067 778 1180 818 dictis
1212 778 1549 831 obtemperatum
1581 788 1639 820 at-

199 848 275 887 qne
304 836 371 874 ubi
403 836 575 887 primum
606 836 758 883 inluxit,
789 835 1004 887 praemisso
1037 835 1177 874 nuntio
1209 836 1255 874 ad
1287 836 1489 876 consulem
1513 844 1638 878 castra

199 893 350 944 ingenti
374 893 515 944 gaudio
539 893 805 940 concitantur,
838 898 875 931 et
896 897 1044 931 tessera
1061 892 1147 931 data
1165 892 1384 932 incolumes
1399 895 1553 943 reverti,
1572 896 1638 946 qui

198 962 267 989 sua
290 962 459 1001 corpora
477 961 551 1001 pro
573 950 695 988 salute
719 950 895 988 omnium
917 950 1022 988 haud
1044 949 1162 988 dubio
1186 949 1364 1000 periculo
1387 949 1638 1005 obiecissent,

198 1019 270 1057 pro
294 1019 334 1046 se
367 1006 533 1057 quisque
564 1007 713 1046 obviam
745 1007 858 1046 effusi
879 1006 1039 1045 laudant
1069 1006 1328 1056 gratulantur,
1351 1007 1528 1059 singulos
1548 1009 1639 1048 uni-

197 1075 330 1102 versos
361 1070 578 1103 servatores
608 1077 700 1103 suos
721 1070 873 1110 vocant,
906 1063 963 1102 dis
995 1063 1129 1102 laudes
1149 1069 1357 1114 gratesque
1387 1071 1530 1115 agunt,
1562 1065 1638 1105 De-

150 1128 168 1159 8
199 1120 302 1159 cium
334 1120 374 1159 in
409 1120 559 1159 caelum
582 1121 726 1160 ferunt.
776 1121 839 1159 hic
860 1120 953 1159 Deci
975 1120 1186 1159 castrensis
1217 1121 1443 1172 triumphus
1473 1122 1546 1161 fuit
1577 1122 1639 1162 in-

201 1177 376 1216 cedentis
396 1189 468 1229 per
489 1177 614 1215 media
637 1183 764 1216 castra
786 1189 875 1216 cum
893 1183 1041 1216 armato
1060 1177 1255 1228 praesidio
1273 1177 1464 1218 coniectis
1485 1178 1525 1218 in
1548 1191 1638 1218 eum

140 1267 145 1270 .
201 1234 378 1272 omniurn
409 1233 532 1272 oculis
565 1240 603 1272 et
625 1234 732 1272 omni
755 1234 907 1272 honore
935 1233 1141 1272 tribunum
1181 1235 1334 1273 consuli
1365 1235 1638 1286 aequantibus.

199 1289 267 1329 ubi
307 1291 352 1329 ad
394 1291 636 1342 praetorium
676 1297 836 1330 ventum
869 1297 938 1336 est,
969 1290 1109 1329 consul
1140 1290 1301 1330 classico
1332 1291 1379 1330 ad
1410 1292 1638 1332 contionem

201 1354 389 1386 convocat
433 1359 625 1398 orsusque
665 1348 825 1386 meritas
856 1347 948 1386 Deci
988 1346 1121 1386 laudes
1159 1347 1372 1386 interfante
1402 1349 1488 1400 ipso
1519 1350 1639 1390 Decio

200 1404 347 1443 distulit
377 1403 616 1452 contionem,
648 1405 715 1455 qui
744 1409 882 1443 auctor
911 1404 1041 1442 omnia
1071 1404 1346 1455 posthabendi,
1368 1405 1461 1444 dum
1484 1407 1637 1446 occasio

199 1460 239 1499 in
269 1460 453 1500 manibus
485 1467 599 1508 esset,
631 1461 806 1513 perpulit
836 1461 1051 1508 consulem,
1074 1466 1118 1499 ut
1138 1461 1270 1500 hostes
1291 1466 1329 1500 et
1350 1467 1547 1502 nocturno
1569 1476 1640 1515 pa-

245 1550 277 1584 3.
303 1550 462 1592 torpidos
485 1552 619 1591 somno]
654 1550 721 1593 vgl.
749 1552 803 1591 25,
831 1551 886 1590 38,

201 1597 252 1628 17.
268 1614 310 1618 —
326 1597 523 1635 emanz‘mat]
543 1595 695 1638 h'aufiger
716 1596 761 1628 im
775 1594 886 1629 Passi-

197 1650 289 1673 vum.

245 1688 276 1719 4.
302 1686 350 1718 ad
367 1688 499 1726 castra]
517 1696 543 1719 s.
562 1686 583 1729 ξ
603 1688 639 1724 7;
667 1685 824 1719 dasselbe
842 1686 887 1719 ist

200 1731 294 1764 nicht
321 1732 401 1764 weit
432 1741 499 1764 von
533 1730 609 1764 dem
639 1730 813 1774 Engpasse
846 1742 888 1765 zu

199 1775 344 1809 denken.

248 1824 277 1854 5.
302 1824 437 1854 macte.
453 1823 473 1861 .]
500 1831 526 1856 s.
549 1832 590 1854 zu
609 1822 639 1861 2,
661 1823 712 1863 12,
733 1824 790 1860 14;
817 1822 885 1865 vgl.

201 1865 287 1899 Plin.
314 1869 344 1908 2,
372 1869 432 1900 54:
457 1869 566 1899 macti
591 1868 737 1908 ingenio
763 1870 842 1900 este.

248 1913 278 1944 6.
304 1912 386 1944 sed.
401 1913 422 1951 .]
448 1911 506 1944 der
528 1911 806 1954 vorhergehende
823 1912 886 1945 Ge-

202 1955 312 1989 danke
338 1957 382 1989 ist
408 1956 605 1989 konzessiv:
638 1967 730 1989 zwar
755 1957 884 1990 wird..

202 2001 282 2034 aber
306 2000 404 2035 doch.
429 2020 475 2026 —-
501 2002 576 2033 luce
599 2012 641 2033 ac
658 2003 725 2042 die]
751 2002 796 2034 im
823 2001 886 2035 fol-

202 2046 332 2088 genden
358 2047 537 2078 silentium
567 2056 608 2079 ac
632 2057 724 2079 noae:
757 2046 886 2089 Tages—

201 2091 328 2124 licht..
345 2090 442 2124 Stille
467 2091 525 2124 der
549 2090 674 2130 Nacht;
701 2101 727 2124 s.
754 2093 808 2133 39,
833 2094 884 2126 14.

200 2156 245 2160 —
270 2139 378 2179 tegat]
398 2136 519 2170 anders
540 2138 571 2178 9,
590 2137 643 2178 32,
657 2138 687 2170 9.
713 2141 756 2161 —*-
783 2148 886 2180 oppe—

200 2183 375 2223 riemur*]

249 2230 278 2261 ἵ.
299 2230 417 2260 castra
429 2227 460 2268 *]
485 2237 510 2260 S.
528 2230 556 2269 1,
579 2229 633 2267 60,
654 2228 683 2259 2.
697 2245 742 2251 -
756 2230 885 2259 tessera

203 2273 299 2313 dala]
325 2283 352 2306 s.
371 2274 424 2314 35,
445 2274 473 2306 1.
499 2291 542 2296 —
565 2272 727 2314 singulos
744 2274 887 2304 univer-

201 2329 257 2350 sos
266 2319 299 2361 *]
315 2317 587 2360 zweigliedriges
600 2317 800 2360 Asyndeton
820 2318 886 2350 wie

205 2363 613 2405 laudantgratulantur3
637 2365 732 2396 sonst
746 2362 881 2406 pssegen

199 2409 279 2449 jene
304 2409 426 2441 beiden
444 2408 564 2442 Worte
589 2408 693 2441 durch
719 2418 785 2451 qne
809 2418 883 2441 ver-

204 2453 339 2486 bunden
365 2465 406 2486 zu
428 2453 575 2487 werden.
596 2472 638 2478 -—
661 2454 782 2486 laudes
797 2463 882 2495 gra-

203 2501 323 2540 tesque
353 2501 477 2540 agunt]
509 2499 680 2532 seierliche
711 2498 884 2532 Wortver-

203 2543 353 2586 bindung
386 2544 466 2586 (vgl.
498 2544 542 2577 im
574 2544 766 2578 Deutschen
785 2539 884 2578 ‘Gott

954 1550 1003 1582 sei
1025 1549 1095 1582 Lob
1118 1549 1186 1582 und
1207 1545 1345 1590 Dank');
1365 1560 1392 1584 s.
1412 1561 1454 1584 zu
1470 1552 1524 1591 26,
1537 1553 1592 1592 48,
1607 1553 1638 1585 3.

955 1595 1001 1628 So
1027 1597 1102 1637 sagt
1127 1594 1253 1637 Livius,
1278 1595 1344 1628 wie
1369 1595 1474 1629 schon
1497 1595 1639 1630 Plautus

954 1639 1025 1673 Mil.
1057 1641 1141 1682 420,
1172 1650 1240 1673 von
1273 1640 1349 1673 dem
1381 1640 1497 1674 Danke
1529 1652 1639 1685 gegen

956 1685 1170 1724 die‘Gottem
1205 1686 1274 1728 vgl.
1300 1685 1380 1720 Tac.
1405 1687 1492 1721 Anu.
1521 1689 1549 1728 1,
1575 1690 1637 1722 69:

958 1731 1076 1764 laudis
1098 1734 1133 1763 et
1152 1733 1272 1773 gratis
1293 1756 1302 1764 .
1320 1756 1329 1764 .
1355 1732 1555 1774 legionibus
1578 1734 1640 1766 ha-

958 1778 1093 1809 bentem
1118 1776 1186 1809 und
1210 1787 1252 1809 zu
1278 1776 1347 1810 Liv.
1373 1779 1427 1818 23,
1455 1779 1508 1820 11,
1535 1780 1586 1812 12.

1001 1823 1032 1856 8.
1058 1824 1247 1854 castrensis
1271 1824 1484 1865 triumphus]
1515 1833 1551 1856 er
1575 1834 1640 1866 zog

955 1867 1140 1909 gleichsam
1161 1867 1425 1910 triumphierend
1449 1867 1554 1901 durch
1579 1868 1639 1902 das

954 1913 1070 1954 hager,
1095 1913 1139 1944 irn
1169 1911 1347 1955 Vergleich
1372 1913 1433 1945 mit
1459 1914 1512 1955 38,
1539 1915 1569 1948 3.
1594 1933 1640 1938 —

955 1959 1134 1997 coniectis]
1169 1967 1195 1990 s.
1220 1959 1253 1997 4,
1281 1959 1332 1999 10,
1357 1959 1387 1991 7.
1411 1976 1456 1981 -
1484 1970 1639 2002 aequan—

954 2004 1059 2042 tibus]
1085 2012 1112 2034 s.
1140 2003 1192 2042 10,
1217 2003 1270 2044 30,
1296 2004 1327 2036 9.

1000 2049 1031 2080 9.
1069 2047 1228 2088 classico]
1265 2047 1333 2089 vgl.
1365 2047 1473 2090 Veget
1506 2050 1543 2090 2,
1575 2051 1637 2083 22:

955 2092 1140 2124 classicum
1153 2092 1366 2135 appellatur,
1388 2094 1485 2136 quod
1495 2095 1639 2128 bucina-

955 2141 1049 2169 tores
1063 2147 1130 2179 pet·
1151 2148 1263 2170 cornu
1283 2138 1419 2172 dicunt.
1432 2140 1544 2172 —ad
1557 2151 1640 2174 con-

955 2184 1084 2214 tionem
1113 2185 1295 2224 convocat]
1327 2184 1415 2217 ohne
1440 2183 1584 2228 Objekt;
1610 2196 1637 2220 s.

955 2229 986 2269 8,
1013 2228 1066 2269 32,
1095 2230 1128 2262 1:
1154 2228 1301 2261 classico
1323 2254 1352 2262 ..
1367 2229 1414 2262 ad
1437 2232 1637 2264 contionem

956 2273 1158 2312 advocavit3
1183 2275 1236 2316 26,
1251 2275 1306 2316 48,
1322 2275 1362 2308 13
1377 2286 1409 2308 u.
1427 2285 1457 2310 a.
1471 2294 1514 2299 -—
1528 2278 1638 2309 inter-

955 2317 1065 2358 fante]
1089 2329 1151 2351 nur
1167 2319 1282 2352 Livius
1307 2320 1439 2354 scheint
1463 2319 1523 2354 das
1539 2320 1638 2354 Wort

953 2363 1139 2405 gebraucht
1172 2375 1214 2398 zu
1247 2365 1374 2404 haben3
1408 2375 1435 2400 S.
1462 2367 1493 2407 3,
1518 2368 1574 2408 47,
1599 2368 1636 2407 4;

953 2410 1006 2449 32,
1033 2410 1087 2449 34,
1113 2410 1143 2443 2.

1001 2456 1040 2487 10
1067 2457 1139 2496 qm]
1164 2455 1209 2488 ist
1234 2455 1295 2489 auf
1312 2455 1372 2489 das
1396 2456 1636 2498 grammatisch

952 2500 1249 2543 untergeordnete‚
1270 2501 1350 2534 aber
1371 2500 1426 2534 die
1447 2500 1637 2545 Hauptper-

954 2554 1014 2578 son
1047 2545 1298 2580 bezeichnende
1322 2546 1432 2580 Decio
1464 2547 1634 2590 bezogen;
