1731 2796
105 1222 124 1255 8
154 1223 352 1254 certamen
384 1216 553 1255 eliceret.

156 71 218 114 '72'
666 76 790 110 LIBER
816 77 870 111 Vl.
920 76 1012 111 CAP.
1039 79 1093 111 31.

1384 95 1410 115 a.
1432 95 1459 115 u.
1482 95 1509 116 c.
1528 89 1589 116 376.

106 199 124 231 3
153 192 256 239 facti,
281 204 329 230 ne
350 204 433 233 rem
452 198 625 244 agerent,
649 192 752 231 bello
771 192 946 243 impediti
967 198 1081 239 sun·t;
1105 204 1275 243 namque
1299 192 1444 244 trepidi
1460 192 1591 231 nuntii

157 249 306 301 primo,
337 249 427 300 fuga
449 249 590 288 deinde
613 262 659 288 ex
689 249 792 300 agris
820 249 997 300 legiones
1017 248 1249 289 Volscorum
1272 249 1470 301 ingressas
1490 250 1591 288 fines

106 312 125 344 4
155 305 416 358 popularique
449 306 591 358 passim
614 306 835 345 Romanum
867 318 1003 356 agrum
1036 305 1214 345 attulere.
1255 307 1293 345 in
1319 319 1395 358 qua
1417 306 1590 358 trepida-

153 363 265 402 tione
282 369 432 402 tantum
456 363 564 410 afuit,
588 369 630 402 ut
647 363 769 402 civilia
793 363 1007 401 certamina
1024 368 1152 401 terror
1169 368 1356 403 externus
1373 363 1584 408 cohiberet,

157 427 202 459 ut
224 425 360 458 contra
382 432 428 459 eo
450 420 659 458 violentior
679 424 854 471 potestas
874 419 1085 458 tribunicia
1106 419 1344 471 inpediendo
1366 420 1509 459 dilectu
1531 431 1587 459 es-

158 482 227 523 set,
247 477 373 515 donec
394 477 649 516 condiciones
668 476 863 527 inpositae
883 475 1072 527 patribus,
1092 489 1140 515 ne
1160 476 1260 528 quis,
1278 477 1407 528 quoad
1419 475 1585 516 debella-

108 539 126 571 5
156 539 240 572 tum
258 540 371 580 esset,
390 533 580 572 tributum
599 533 709 572 daret
725 539 791 572 aut
807 533 867 572 ius
885 534 931 572 de
948 533 1118 586 pecunia
1134 533 1279 572 credita
1297 534 1501 574 diceretur.
1539 544 1585 570 eo

154 589 375 629 laxamento
399 590 505 641 plebi
525 596 682 642 sumpto
713 602 822 630 mora
845 590 1003 629 dilectui
1026 603 1107 629 non
1134 596 1193 630 est
1213 591 1326 630 facta.
1368 589 1587 643 legionibus

158 647 268 686 novis
290 647 447 698 scriptis
465 647 612 699 placuit
628 648 725 686 duos
743 647 938 686 exercitus
954 647 993 686 in
1011 659 1147 698 agrum
1168 647 1349 687 Volscum
1368 645 1587 699 legionibus

156 703 287 743 divisis
301 704 389 743 duci
403 717 412 752 ;
431 704 496 756 Sp.
510 704 652 743 Furius
666 704 716 744 M.
728 704 913 743 Horatius
930 704 1157 743 dextrorsus
1174 706 1215 743 in
1232 704 1459 743 maritimam
1478 714 1586 742 oram

156 767 273 811 atque
296 760 469 807 Antium,
493 761 538 807 Q.
563 761 749 800 Servilius
771 767 809 800 et
829 761 872 800 L.
896 760 1094 812 Geganius
1115 760 1222 800 laeva
1244 762 1291 800 ad
1312 766 1464 800 montes
1484 759 1587 798 Ece-

106 824 124 856 6
154 823 252 856 tram
276 825 460 868 pergunt.
506 824 645 856 neutra
668 824 778 870 parte
807 818 931 857 hostis
953 818 1090 857 obvius
1111 818 1205 866 fuit;
1236 817 1436 870 populatio
1456 816 1588 868 itaque

158 887 239 913 non
263 874 317 912 illi
338 887 454 925 vagae
476 875 632 921 similis,
667 887 784 926 quam
806 874 970 914 Volscus
999 874 1193 914 latrocinii
1215 887 1342 921 more,
1373 873 1588 913 discordiae

156 931 328 970 hostium
360 932 483 970 fretus
514 937 551 970 et
580 932 762 971 virtutem
794 937 994 979 metuens,
1017 944 1089 983 per
1116 931 1417 983 trepidationem
1447 930 1590 982 raptim

157 988 314 1034 fecerat,
346 988 412 1027 sed
435 988 483 1027 ab
511 988 612 1028 iusto
635 989 809 1028 exercitu
831 989 928 1028 iusta
951 988 1007 1027 ira
1029 989 1140 1036 facta,
1162 988 1284 1040 spatio
1309 1000 1469 1039 quoque
1489 993 1590 1026 tem·
1620 1019 1624 1029 .

107 1052 124 1083 7
154 1045 263 1096 poris
284 1046 450 1096 gravior.
493 1046 639 1097 quippe
662 1058 682 1084 a
706 1045 853 1085 Volscis
875 1044 1115 1094 timentibus,
1140 1058 1189 1084 ne
1218 1045 1372 1084 interim
1395 1044 1591 1084 exercitus

156 1101 203 1140 ab
226 1102 349 1140 Roma
372 1102 507 1149 exiret,
529 1102 780 1142 incursiones
801 1102 841 1141 in
865 1109 1038 1141 extrema
1059 1102 1197 1141 finium
1214 1103 1335 1141 factae
1357 1108 1489 1149 erant3
1512 1101 1591 1140 Ro-

157 1171 274 1197 mano
297 1165 435 1198 contra
457 1159 574 1198 etiam
596 1159 637 1198 in
669 1159 820 1199 hostico
842 1159 1022 1198 morandi
1043 1170 1158 1198 causa
1180 1164 1273 1207 erat,
1304 1164 1348 1197 ut
1368 1158 1522 1198 hostem
1545 1158 1592 1196 ad

615 1216 745 1267 itaque
763 1215 947 1255 omnibus
970 1215 1114 1267 passim
1139 1216 1251 1255 tectis
1272 1228 1457 1267 agrorum
1477 1215 1592 1254 vicis-

157 1285 233 1323 que
255 1272 370 1311 etiam
393 1272 626 1324 quibusdam
649 1273 807 1320 exustis,
839 1285 920 1312 non
943 1272 1083 1312 arbore
1112 1272 1310 1324 frugifera,
1334 1285 1415 1312 non
1438 1271 1530 1312 satis
1551 1271 1591 1310 in

158 1395 257 1435 bello]
284 1395 362 1428 weil
388 1395 441 1429 die
466 1395 694 1428 abwesenden
712 1395 842 1438 Biirger

157 1440 208 1473 ihr
225 1440 418 1483 Vermbgen
444 1441 537 1474 nicht
560 1441 714 1483 angeben
733 1441 842 1474 konn-

157 1488 232 1527 ten,
264 1486 420 1529 obgleich
454 1487 564 1519 dieses
595 1486 774 1519 Hindernis
806 1487 840 1519 in

157 1531 216 1564 der
240 1531 345 1572 Regel
378 1543 440 1565 nur
464 1532 509 1564 im
534 1531 687 1565 Sommer
718 1532 841 1565 eintrat

156 1576 223 1610 und
251 1578 304 1619 32,
333 1579 346 1610 1
376 1578 430 1610 die
460 1577 589 1620 Burger
622 1577 727 1611 sehon
762 1577 840 1611 wie·

158 1621 216 1655 der
248 1622 282 1655 in
323 1622 381 1656 der
415 1622 513 1656 stadt
546 1622 633 1658 sind.
682 1622 741 1656 Die
772 1623 840 1656 Ab·

157 1667 345 1709 schatzung
378 1669 503 1701 miil'ste
536 1668 621 1701 nach
648 1668 718 1701 Liv.
752 1678 838 1711 ganz

156 1713 392 1746 unterblieben
437 1714 528 1752 sein,
576 1713 735 1747 wiihrend
781 1713 839 1747 der

156 1757 339 1792 Mauerbau
372 1758 456 1802 Kap.
481 1761 524 1793 32
558 1769 625 1792 von
657 1759 719 1792 den
755 1759 839 1792 Cen-

157 1813 256 1837 soren
282 1805 314 1836 in
340 1804 471 1838 Accord
497 1805 651 1847 gegeben
676 1804 731 1838 ist.

204 1851 233 1883 3.
256 1851 375 1890 primo
391 1876 398 1883 .
413 1877 420 1883 .
436 1850 572 1892 deinde]
589 1851 657 1893 vgl.
672 1851 727 1891 30,
742 1852 778 1890 7;
796 1861 838 1883 zu

158 1895 189 1935 5,
215 1896 268 1934 39,
298 1897 325 1928 1.

203 1941 234 1972 4.
262 1939 484 1981 debellatum]
503 1950 529 1974 S.
549 1942 579 1981 2,
598 1941 651 1981 26,
672 1941 707 1978 6;
735 1942 766 1981 3,
785 1942 838 1981 70,

160 1987 211 2020 11.
238 2004 279 2008 --
299 1986 355 2017 ius
370 2010 378 2018 .
394 2012 400 2018 .
416 1985 632 2026 dic-eretur*]
664 1985 840 2019 vielleicht

158 2030 296 2073 glaubte
315 2030 373 2063 der
390 2030 654 2063 Gewahrsmann
678 2030 738 2063 des
757 2030 838 2072 Lim,

158 2075 232 2109 dass
252 2075 305 2108 die
320 2075 646 2109 Konsulartribunen
669 2076 723 2108 ein
738 2074 840 2109 Edikt

157 2121 224 2154 wie
250 2122 282 2162 2,
300 2122 352 2161 24,
373 2122 402 2154 6.
425 2123 478 2162 30,
497 2123 515 2154 6
541 2121 690 2154 erlassen
710 2121 838 2155 hatten.

203 2168 234 2200 5.
259 2176 361 2199 mora
386 2166 551 2200 dilectui.
567 2168 587 2207 .]
612 2177 638 2200 s,
669 2169 701 2206 4,
728 2168 781 2208 53,
808 2169 838 2201 6.

157 2230 202 2236 --
229 2212 426 2254 legionibus
439 2238 446 2246 .
465 2237 472 2245 .
486 2214 629 2254 scriptis
643 2237 650 2244 .
666 2237 674 2245 .
689 2212 838 2254 legioni—

159 2258 221 2289 bus
253 2258 388 2298 divisis]
420 2257 505 2290 wird
539 2257 642 2291 durch
677 2257 730 2290 die
763 2267 838 2290 ver-

158 2302 340 2336 sehiedene
375 2303 571 2344 Beziehung
596 2302 655 2336 der
679 2302 839 2336 Ablative

160 2348 404 2391 entschuldigt;
433 2349 518 2381 zwei
537 2348 654 2387 Heere,
681 2348 735 2381 die
753 2348 838 2381 nach

159 2391 304 2436 Teilung
334 2394 393 2426 der
427 2394 548 2436 (vier?)
578 2393 751 2437 Legionen
784 2403 841 2436 ge-

157 2437 265 2471 hildet
284 2449 415 2477 waren;
443 2449 468 2472 s.
488 2440 541 2481 30,
561 2442 591 2472 7.
617 2459 659 2463 —
679 2439 841 2472 dextror-

158 2493 239 2517 sus.
255 2508 262 2516 .
280 2483 390 2524 laeva]
417 2494 525 2527 gegen
559 2484 613 2518 die
639 2485 838 2518 westliehen

158 2528 226 2562 und
245 2529 410 2562 ostlichen
436 2529 591 2564 Volsker.
614 2550 658 2554 —
678 2528 840 2573 Antium]

912 1405 938 1428 s.
964 1396 995 1436 9,
1023 1397 1052 1428 1.
1087 1414 1130 1420 —
1155 1395 1203 1427 ad
1237 1398 1374 1427 montes
1409 1394 1592 1434 Ecetram]

912 1440 997 1473 nach
1023 1440 1088 1473 den
1105 1440 1348 1482 (volskischen)
1367 1439 1498 1482 Bergen
1522 1438 1593 1472 und

911 1486 1115 1527 (weiterhin)
1129 1496 1236 1529 gegen
1253 1486 1389 1525 Ecetra;
1404 1495 1430 1518 s.
1447 1487 1478 1527 2,
1492 1486 1546 1526 25,
1562 1486 1593 1518 6.

958 1533 988 1565 6.
1012 1531 1126 1572 fuz‘t*]
1145 1551 1187 1556 ——
1213 1532 1423 1572 discordiae]
1443 1540 1469 1564 s.
1487 1533 1519 1572 4,
1539 1531 1592 1571 37,

911 1578 942 1610 6.
975 1596 1019 1600 -
1054 1577 1098 1619 et]
1129 1572 1211 1610 ‘und
1244 1577 1330 1610 doch
1362 1570 1538 1619 zugleich';
1565 1585 1593 1611 S.
1626 1609 1629 1612 ,

911 1623 972 1664 28,
998 1623 1144 1663 26,11;
1178 1624 1328 1664 35,10,
1353 1623 1384 1655 5.
1422 1641 1464 1646 -——
1499 1623 1594 1654 iusto

910 1669 1085 1708 emer-citu]
1125 1667 1178 1701 ein
1215 1667 1463 1710 vollstandiges
1495 1666 1593 1708 Heer,

908 1713 954 1746 im
980 1712 1192 1756 Gegensatze
1217 1724 1257 1747 zu
1292 1714 1539 1752 latrocinium3
1566 1722 1593 1746 s.

910 1760 941 1801 2,
966 1759 1020 1799 48,
1047 1761 1085 1798 5;
1112 1760 1143 1801 8,
1170 1760 1224 1800 34,
1252 1761 1309 1798 1Ο;
1343 1757 1463 1792 anders
1495 1761 1593 1791 iusta

908 1805 985 1843 ira3
1011 1804 1080 1846 vgl.
1107 1805 1137 1845 2,
1165 1806 1218 1845 18,
1246 1807 1283 1838 1:
1308 1815 1358 1838 re.

952 1852 982 1883 7.
1009 1852 1168 1882 eoetrema
1192 1850 1332 1891 finium]
1363 1859 1389 1882 s.
1415 1850 1451 1889 4,
1487 1850 1523 1888 1,
1556 1849 1593 1887 4ς

909 1895 979 1938 vgl.
1006 1895 1059 1934 35,
1085 1896 1116 1935 4,
1145 1897 1180 1928 1:
1202 1905 1270 1937 per
1294 1898 1469 1927 emar-omos
1493 1893 1592 1934 fines.

908 1959 952 1964 -
971 1941 1118 1980 hostico]
1136 1940 1323 1982 gebraucht
1346 1939 1415 1972 Liv.
1435 1938 1593 1972 substan-

910 1985 1032 2018 tivisch
1064 1986 1138 2024 (mit
1170 1995 1261 2027 agro
1291 1995 1354 2018 nur
1385 1986 1440 2025 44,
1468 1985 1529 2026 13,
1563 1985 1594 2025 1)

911 2032 948 2071 8,
974 2031 1033 2069 34,
1067 2032 1098 2064 9.
1124 2031 1184 2071 38,
1219 2032 1238 2064 2
1264 2042 1296 2064 u.
1314 2040 1343 2064 a.
1390 2029 1456 2063 Der
1487 2039 1594 2073 ganze

910 2075 1040 2118 Begriff
1066 2078 1104 2108 in
1135 2077 1267 2109 hostico
1303 2075 1472 2108 morandi
1508 2074 1595 2108 wird

909 2121 1014 2154 durch
1039 2124 1145 2153 eciam
1174 2121 1358 2164 gesteigert
1391 2121 1437 2154 im
1463 2120 1594 2164 Gegen-

909 2170 1003 2200 satze
1028 2177 1070 2199 zu
1095 2177 1219 2209 vagae.
1252 2186 1295 2191 —
1321 2169 1539 2208 causa..ut]
1565 2175 1593 2201 S.

909 2213 962 2253 33,
991 2215 1019 2251 1,
1045 2214 1077 2245 5.

954 2258 985 2290 8.
1012 2260 1113 2290 tectis
1141 2257 1328 2300 agrorum]
1361 2255 1494 2290 einzeln
1527 2255 1595 2290 ste-‘-

908 2302 1019 2336 hende
1048 2302 1177 2336 Hauser
1209 2302 1269 2336 auf
1297 2302 1374 2336 dem
1400 2301 1529 2340 Lande;
1565 2311 1592 2334 s.

909 2349 962 2389 26,
985 2351 1037 2389 10,
1057 2350 1092 2382 6:
1111 2351 1203 2380 tecta
1221 2350 1424 2386 hortor-unu
1448 2346 1517 2390 vgl.
1539 2348 1593 2388 10,

912 2396 963 2434 11,
982 2395 1012 2427 6.
1031 2413 1073 2417 —
1098 2395 1197 2433 salis]
1216 2410 1258 2422 =
1280 2393 1469 2435 segetibus,
1495 2396 1593 2425 sonst

909 2439 1003 2472 mehr
1034 2438 1253 2477 dichterisch;
1287 2437 1355 2481 vgl.
1389 2439 1419 2478 8,
1450 2437 1504 2479 29,
1532 2438 1591 2476 11;

910 2486 964 2526 31,
989 2486 1043 2526 30,
1069 2485 1099 2517 3.
1125 2504 1170 2510 ·-—
1194 2485 1232 2515 in
1260 2484 1415 2525 spem..]
1448 2492 1487 2516 so
1519 2482 1592 2515 dass

909 2540 986 2563 man
1000 2554 1008 2562 .
1023 2555 1030 2563 .
1044 2529 1138 2563 h'atte
1161 2528 1276 2562 hoffen
1296 2527 1450 2568 konnem
1476 2527 1544 2571 vgl.
1562 2530 1593 2570 5,
