1731 2796
173 62 226 99 22
635 62 759 96 LIBER
784 63 879 98 Vtut.
918 62 1011 97 CAP.
1038 66 1069 98 9.
1099 66 1150 99 10.

1415 81 1442 102 a.
1464 81 1493 104 u.
1515 75 1616 103 c.434.

104 184 139 217 15
169 190 307 217 eorum
329 190 470 230 capere
491 186 676 230 possent,
699 179 939 231 nequiquam
964 179 1222 219 eluderentur
1243 187 1281 219 et
1306 185 1482 219 nostrum
1506 191 1617 218 exer-

171 236 292 274 citum
314 236 470 281 eadem,
503 248 603 287 quae
626 236 866 288 inpedierat,
898 237 1056 276 fortuna
1080 237 1303 289 expediret,
1334 248 1472 275 vanam
1495 236 1617 276 victo-

172 293 268 331 riam
290 293 428 332 vanior
449 293 607 332 inritam
640 294 786 332 faceret
812 306 908 345 pax,
941 294 1104 345 sponsio
1137 295 1486 346 interponeretur,
1518 305 1618 346 quae

104 355 141 388 16
172 351 369 389 neminem
391 357 548 402 praeter
569 363 804 402 sponsorem
827 351 1030 403 obligaret.
1069 352 1161 402 quid
1184 352 1288 390 enim
1311 350 1526 398 vobiscum,
1549 362 1618 402 pa-

171 414 251 446 tres
273 408 508 459 conscripti,
542 408 632 459 quid
666 420 756 447 cum
787 408 936 460 populo
959 408 1137 447 Romano
1160 415 1289 448 actum
1313 406 1401 448 est?
1443 407 1531 459 quis
1551 420 1619 447 vos

171 464 368 516 appellare
399 471 549 516 potest,
582 465 669 516 quis
700 478 741 504 se
774 477 793 504 a
824 465 935 504 vohis
966 465 1097 505 dicere
1129 463 1368 518 deceptum?
1413 464 1537 504 hostis
1568 477 1616 503 an

173 520 294 560 civis?
344 522 445 560 hosti
478 521 574 560 nihil
605 523 896 574 spopondistis,
929 522 1051 561 civem
1084 523 1283 561 neminem
1316 522 1514 575 spondere
1545 534 1618 574 pro

103 584 140 617 17
170 579 279 618 vobis
301 579 477 618 iussistis.
521 579 617 618 nihil
650 592 745 631 ergo
776 579 887 618 vobis
920 592 994 618 nec
1016 580 1222 618 nobiscum
1246 585 1324 626 est,
1358 579 1501 629 quibus
1522 579 1620 618 nihil

102 641 139 674 18
168 636 395 678 mandastis,
419 648 491 674 nec
514 648 603 675 cum
622 636 877 683 Samnitibus,
900 648 988 675 cum
1013 637 1157 687 quibus
1175 636 1270 675 nihil
1287 636 1434 687 egistis.
1464 636 1618 676 Samni-

171 693 275 731 tibus
297 705 511 744 sponsores
533 705 605 732 nos
626 706 762 733 sumus
784 694 839 731 rei
871 694 965 732 satis
998 693 1213 745 locupletes
1243 693 1282 732 in
1315 693 1375 740 id,
1408 693 1512 744 quod
1547 706 1617 732 no·

171 757 294 789 strum
319 757 397 794 est,
432 750 468 788 in
504 750 563 796 id,
597 751 699 801 quod
734 757 933 802 praestare
963 762 1195 802 possumus,
1228 762 1396 802 corpora
1425 756 1557 790 nostra
1581 757 1619 789 et

172 807 344 846 animos:
377 807 415 845 in
450 807 545 846 haec
567 808 758 855 saeviant,
792 808 830 847 in
854 808 950 847 haec
979 808 1150 853 ferrum,
1182 808 1221 846 in
1247 807 1342 846 haec
1363 807 1440 847 iras
1461 813 1618 846 acuant.

104 870 140 902 19
170 864 273 915 quod
293 864 337 903 ad
357 864 540 904 tribunos
555 865 707 912 attinet,
731 865 939 913 consulite,
963 871 1096 904 utrum
1111 876 1300 918 praesens
1317 863 1462 904 deditio
1481 875 1618 903 eorum

170 922 253 960 lieri
277 922 400 973 possit
423 933 470 961 an
496 922 534 961 in
558 922 659 961 diem
683 922 908 970 (litteratum
942 935 1016 961 nos
1037 922 1194 961 interim
1209 953 1218 969 ,
1250 921 1294 960 T.
1316 921 1450 960 Veturi
1471 933 1619 973 vosque

171 979 311 1024 ceteri,
345 979 430 1018 vilia
463 979 558 1018 haec
592 980 717 1031 capita
750 980 916 1019 luendae
947 979 1155 1031 sponsioni
1192 979 1364 1018 feramus
1404 984 1442 1018 et
1482 984 1619 1018 nostro

101 1038 147 1073 10
171 1036 364 1088 supplicio
397 1035 611 1076 liberemus
642 1037 818 1076 Romana
859 1033 990 1076 arma?

1053 1036 1174 1075 movit
1207 1042 1339 1088 patres
1370 1036 1620 1088 conscriptos

172 1106 260 1132 cum
294 1106 407 1132 causa
447 1099 530 1132 tum
563 1100 700 1133 auctor
739 1107 809 1133 nec
850 1100 1002 1133 ceteros
1033 1093 1161 1133 solum
1192 1094 1258 1133 sed
1290 1092 1473 1132 tribunos
1504 1093 1619 1132 etiam

121 1156 139 1188 2
169 1150 311 1202 plebei,
335 1157 377 1189 ut
399 1163 439 1189 se
463 1152 501 1189 in
526 1157 686 1190 senatus
709 1152 887 1190 dicepent
908 1151 994 1190 fore
1015 1156 1223 1203 potestate.
1275 1149 1506 1202 magistratu
1527 1149 1619 1189 inde

170 1219 211 1246 se
243 1207 438 1259 extemplo
471 1207 750 1247 abdicaverunt
781 1208 992 1259 traditique
1024 1208 1219 1247 fetialibus
1243 1219 1334 1247 cum
1356 1207 1498 1246 ceteris
1520 1206 1619 1246 Cau-

169 1350 213 1355 -
250 1333 478 1373 nequiquam]
517 1331 575 1364 der
612 1331 743 1374 Begriff
775 1331 859 1374 liegt

169 1377 276 1410 sehon
301 1378 334 1409 in
362 1377 592 1409 eluderentur·
625 1377 692 1411 und
722 1377 859 1410 bezieht

170 1422 241 1454 sich
268 1422 362 1455 mehr
388 1422 448 1456 aus
468 1422 521 1455 die
540 1422 670 1456 Frende
696 1423 779 1456 tiber
799 1422 859 1456 das

169 1467 384 1508 Traumbild,
426 1469 557 1502 welche
595 1470 670 1502 eine
708 1469 859 1511 nichtige

170 1525 251 1547 war.

219 1563 269 1593 15.
316 1558 487 1603 fortuna]
535 1559 595 1592 das
641 1559 859 1593 wandelbare

171 1606 300 1647 Glfick,
326 1606 379 1639 die
412 1603 515 1648 τύχη,
543 1606 602 1639 der
627 1605 753 1647 Zusall‚
785 1605 858 1639 dass

171 1652 224 1685 die
243 1651 420 1685 Samniten
446 1662 509 1685 uns
534 1651 603 1685 und
631 1652 692 1684 wir
710 1651 758 1685 sie
784 1653 858 1684 tau-

170 1698 273 1730 schen
306 1697 470 1731 konnten.
496 1717 539 1721 —
572 1707 700 1730 vanam
729 1723 736 1730 .
760 1722 767 1730 .
800 1708 860 1730 va-

169 1745 265 1784 nior]
293 1754 319 1777 s.
338 1754 377 1776 zu
398 1745 452 1782 22,
471 1745 525 1785 24,
546 1746 596 1778 14.
617 1763 659 1767 —
685 1754 776 1785 quae
801 1754 860 1776 ne-

170 1792 300 1822 minem
326 1816 332 1823 .
356 1791 376 1829 .]
404 1789 489 1822 wird
516 1791 536 1831 §
565 1791 714 1824 16—19
740 1790 861 1822 weiter

171 1835 381 1877 ausgefiihit.

219 1882 270 1915 16.
293 1880 487 1922 appellare]
505 1880 535 1913 d.
550 1880 583 1915 h.
600 1880 685 1913 euch
699 1879 858 1920 mahnen,

172 1936 251 1959 eure
277 1925 401 1959 Pflicht
427 1936 467 1959 zu
494 1926 656 1964 erfullem
687 1935 713 1958 s.
743 1927 794 1965 11,
821 1927 857 1963 3;

172 1972 238 2004 Cic.
266 1971 305 2004 ad
333 1973 402 2004 Att.
433 1973 462 2012 1,
484 1973 513 2011 8,
539 1974 569 2005 3.
599 1990 637 1994 —
665 1973 776 2003 civem
801 1981 858 2003 ne.-

170 2018 313 2056 mz'nem]
340 2027 365 2049 s.
392 2018 424 2057 6,
451 2018 503 2058 20,
530 2019 562 2050 4.

220 2064 272 2096 18.
291 2062 513 2095 Samnitibus
534 2064 577 2102 ..]
597 2061 661 2094 den
684 2060 859 2094 Samniten

172 2110 252 2149 (von
268 2108 332 2141 den
347 2108 487 2141 Gottern
507 2108 551 2140 ist
570 2107 661 2140 nicht
679 2106 732 2140 die
747 2106 858 2146 Rede;

173 2164 199 2187 s,
219 2157 250 2191 5.
267 2155 300 2192 2)
318 2154 391 2186 sind
412 2154 490 2186 wir
509 2154 559 2186 als
574 2152 764 2195 Sponsores
782 2153 861 2185 zah-

172 2199 452 2242 lungspssichtige
479 2197 679 2239 Schuldner,
704 2197 772 2231 und
798 2199 861 2230 wir

172 2245 310 2278 werden
337 2245 395 2278 das
425 2245 566 2285 leisten,
600 2254 673 2276 was
700 2244 762 2276 wir
786 2254 861 2277 ver-

173 2291 339 2333 sprochen
356 2291 482 2330 haben;
508 2301 590 2323 reus
614 2291 658 2323 ist
677 2290 748 2323 hier
774 2290 860 2322 nach

172 2335 293 2369 Festus
325 2336 359 2370 S.
392 2339 457 2371 273
490 2347 573 2369 reus
606 2335 860 2379 promittendo,

174 2384 320 2422 quisito
347 2384 489 2415 nomine
523 2382 630 2415 alleri
663 2382 751 2424 quid
778 2392 860 2423 pro-

173 2429 285 2466 misit,
323 2438 395 2460 non
429 2430 491 2471 qui
523 2439 592 2471 pro
627 2428 740 2460 altero
772 2426 862 2469 quid

170 2475 346 2513 promisit.
359 2493 400 2497 —
413 2475 612 2516 locupletes]
628 2483 653 2506 s.
665 2473 793 2516 Digest.
805 2475 859 2513 50,

176 2518 227 2559 16,
254 2519 336 2559 234,
365 2523 399 2554 1;
431 2519 585 2562 locuples
610 2522 661 2551 est
685 2520 748 2561 qm*
771 2520 860 2551 satis

929 1331 1055 1363 idonee
1073 1327 1178 1363 habel
1197 1341 1266 1373 pro
1286 1331 1538 1373 magnitudine
1554 1332 1617 1370 rei,

931 1388 1037 1419 quam
1050 1379 1186 1419 petitor
1201 1376 1458 1409 restituendam
1474 1387 1546 1408 esse
1557 1387 1620 1419 pe-

931 1425 993 1461 tit,
1020 1422 1090 1465 vgl.
1108 1421 1188 1457 Tac.
1214 1421 1299 1455 Dial.
1326 1424 1357 1456 5.
1373 1440 1421 1447 --
1442 1423 1481 1454 in
1506 1422 1547 1455 id
1571 1448 1578 1455 .
1598 1425 1617 1463 .]

930 1469 1064 1502 scheint
1094 1478 1160 1501 von
1196 1467 1270 1501 dem
1297 1468 1342 1500 im
1369 1467 1619 1510 vorhergehen-

931 1514 996 1547 den
1034 1513 1214 1556 liegenden
1254 1512 1401 1556 Begriffe
1441 1513 1501 1546 der
1537 1512 1620 1546 Ver-

931 1560 1123 1604 pssichtung
1147 1558 1390 1601 abzuhangem
1423 1559 1490 1592 wie
1514 1558 1619 1599 fidem

929 1606 1015 1638 dare
1039 1607 1079 1637 in
1104 1605 1246 1648 aliquid
1269 1606 1310 1645 (s.
1335 1605 1389 1646 32,
1417 1605 1472 1646 24,
1497 1607 1534 1642 7;
1565 1605 1620 1644 33,

931 1653 993 1693 30,
1021 1654 1092 1690 10);
1126 1651 1190 1683 wir
1214 1650 1324 1684 haben
1358 1660 1422 1683 uns
1456 1660 1535 1683 nur
1568 1650 1621 1684 sur

930 1707 994 1731 uns
1019 1696 1231 1730 verbindlich
1251 1696 1421 1739 gemacht,
1446 1695 1540 1729 nicht
1566 1695 1620 1729 fur

930 1743 995 1776 den
1031 1742 1147 1783 Stant,
1184 1741 1253 1775 und
1287 1741 1363 1775 sind
1395 1741 1499 1775 daher
1531 1741 1620 1775 auch

931 1799 993 1822 nur
1010 1789 1072 1821 mit
1088 1798 1228 1821 unserer
1242 1786 1370 1821 Person
1389 1787 1618 1830 verpflichtet.

931 1854 974 1858 —
999 1837 1075 1867 iras
1099 1832 1246 1878 acuant]
1273 1843 1299 1867 s.
1327 1835 1381 1875 40,
1401 1834 1454 1875 27,
1473 1834 1503 1867 8.

970 1882 1021 1914 19.
1035 1882 1074 1912 in
1085 1879 1177 1911 diem
1191 1876 1478 1922 differatu1·]vgl.
1488 1877 1618 1920 Digest.

933 1928 990 1964 17,
1019 1929 1056 1965 1,
1090 1927 1125 1965 1,
1153 1926 1191 1958 3:
1221 1924 1430 1957 mandatum
1457 1925 1497 1956 in
1526 1924 1619 1956 diem

929 1971 1074 2011 differri
1106 1995 1114 2003 .
1141 1995 1148 2004 .
1179 1973 1313 2012 potest;
1347 1984 1392 1996 =
1429 1969 1490 2002 auf
1520 1969 1618 2002 einen

929 2017 1148 2049 bestimmten
1174 2014 1331 2056 Tei-min,
1357 2014 1459 2048 namt.
1485 2014 1538 2048 bis
1564 2014 1618 2048 die

930 2061 1102 2095 Tribunen
1123 2061 1176 2094 ihr
1193 2062 1272 2093 Amt
1290 2060 1518 2103 niederlegen‚
1544 2070 1619 2093 ver-

931 2107 1104 2140 schieben.
1130 2125 1174 2130 -—
1197 2106 1424 2149 sponsioni]*
1450 2124 1493 2130 —
1523 2104 1620 2145 fera-

929 2155 1018 2193 mus]
1042 2152 1245 2195 darbringen
1263 2162 1305 2185 zu
1322 2151 1399 2185 dem
1417 2151 1451 2184 in
1470 2151 1620 2184 luendae

929 2201 1116 2241 sponsioni
1131 2197 1405 2241 ausgedrfickten
1423 2196 1559 2230 Zweck.
1576 2216 1619 2220 —

931 2245 1130 2285 liberemus]
1157 2244 1221 2277 den
1245 2243 1343 2276 Staat
1367 2253 1434 2276 von
1460 2241 1520 2276 der
1537 2241 1621 2275 Ver-

930 2290 1140 2333 pssichtung,
1174 2288 1316 2322 Frieden
1349 2299 1391 2322 zu
1423 2287 1618 2328 schtiessen,

931 2335 1082 2369 befreien
1108 2334 1177 2368 und
1202 2335 1272 2368 ihm
1293 2333 1352 2367 das
1369 2332 1480 2367 Recht
1496 2333 1618 2376 geben,

931 2381 984 2414 die
1012 2380 1143 2414 Waffen
1169 2390 1210 2413 zu
1237 2379 1415 2422 ergreifen.

974 2425 1035 2461 10.
1062 2428 1092 2460 2.
1111 2426 1379 2466 abdicaverunt]
1400 2424 1495 2458 nicht
1512 2424 1617 2458 durch

930 2472 984 2505 die
1026 2471 1109 2516 Kap.
1144 2472 1163 2505 9
1204 2469 1431 2513 angesfihrten
1471 2469 1618 2510 Grunde,

930 2517 1062 2551 welche
1098 2516 1151 2550 die
1177 2516 1319 2550 Ansicht
1353 2515 1412 2550 des
1444 2515 1618 2550 Tribunen
