1731 2796
195 99 273 137 182
683 100 807 134 LIBER
834 100 898 134 VII.
948 100 1041 136 CAP.
1068 102 1122 134 37.

1413 119 1439 139 a.
1462 120 1490 140 u.
1511 120 1537 141 c.
1556 114 1618 140 411.

144 223 162 254 3
191 227 301 261 rona,
326 214 499 254 eiusdem
529 215 691 255 lionoris
720 215 849 264 index,
880 228 898 254 a
930 215 1122 267 praesidio
1158 228 1229 255 suo
1258 215 1429 267 inposita
1450 222 1519 256 est.
1560 216 1620 256 his

193 272 398 311 decoratus
427 271 648 324 insignibus
677 272 815 311 bovem
847 272 1169 311 eximium'Marti
1199 272 1434 321 immolavit,
1462 279 1621 312 centum

193 328 312 367 boves
329 328 515 368 militibus
531 329 635 367 dono
654 328 770 375 dedit,
788 329 854 379 qui
871 341 1005 368 secum
1022 330 1062 368 in
1082 329 1329 380 expeditione
1346 330 1514 368 fuerant.
1555 329 1621 369 iis-

193 385 280 423 dem
302 384 489 424 militibus
510 385 686 436 legiones
709 385 825 424 libras
846 386 960 425 farris
977 392 1015 424 et
1035 386 1225 425 sextarios
1246 386 1325 425 vini
1344 386 1620 434 contulerunt3

197 441 406 492 omniaque
427 454 470 480 ea
491 442 643 493 ingenti
664 442 859 480 alacritate
881 454 952 493 per
969 442 1180 481 clamorem
1199 442 1418 490 militarem,
1450 442 1621 482 indicem

194 498 368 537 omnium
392 499 591 546 adsensus,
614 498 864 549 gerebantur.

141 562 162 594 4
305 555 434 593 Tertia
459 567 590 606 pugna
612 554 658 593 ad
676 554 899 594 Suessulam
922 554 1127 594 commissa
1149 560 1225 602 est,
1255 566 1331 605 qua
1351 555 1508 606 fugatus
1529 568 1549 595 a
1570 555 1620 594 M.

192 611 344 650 Valerio
363 611 596 650 Samnitium
619 611 813 651 exercitus
835 612 942 650 omni
965 611 1108 650 robore
1128 611 1341 650 iuventutis
1362 611 1478 651 domo
1497 612 1621 651 accito

143 675 161 706 5
193 668 405 706 certamine
431 668 568 706 ultimo
600 668 797 707 fortunam
828 668 995 719 experiri
1032 667 1176 707 statuit.
1217 667 1264 706 ab
1287 668 1470 708 Suessula
1493 669 1623 707 nuntii

192 724 333 776 trepidi
356 723 538 775 Capuam,
572 724 662 763 inde
684 725 836 775 equites
866 725 970 764 citati
993 724 1039 763 ad
1060 724 1257 763 Valerium
1280 725 1484 764 consulem
1505 737 1623 776 opem

142 788 161 819 6
193 787 344 820 oratum
376 781 552 820 veniunt.
604 781 810 821 confestim
832 782 943 833 signa
970 787 1077 820 mota
1097 781 1321 832 relictisque
1342 781 1623 833 inpedimentis

193 850 235 877 ac
250 844 468 877 castrorum
489 838 613 876 valido
630 838 822 889 praesidio
839 838 980 890 raptim
1002 838 1129 889 agitur
1146 850 1307 890 agmen3
1329 850 1404 877 nec
1419 838 1558 890 procul
1576 838 1622 877 ab

193 895 305 934 hoste
327 894 456 934 locum
478 895 747 946 perexiguum,
771 901 813 934 ut
835 895 976 946 quibus
996 900 1154 946 praeter
1175 907 1298 946 equos
1320 900 1543 934 ceterorum
1563 895 1623 934 iu-

143 959 160 990 7
192 957 419 990 mentorum
441 952 703 1003 calonumque
724 951 840 991 turba
865 951 1039 1000 abesset,
1073 951 1210 991 castris
1231 951 1346 1003 cepit.
1389 951 1624 991 Samnitium

193 1008 398 1055 exercitus,
431 1008 535 1047 velut
565 1008 668 1048 haud
701 1008 778 1047 ulla
808 1020 917 1047 mora
937 1020 1093 1060 pugnae
1115 1009 1248 1048 futura
1269 1013 1384 1055 esset,
1413 1008 1535 1047 aciem
1562 1008 1624 1047 in-

193 1065 327 1114 struit3
350 1065 503 1112 deinde,
526 1071 734 1116 postquam
756 1078 872 1104 nemo
896 1065 1034 1104 obvius
1055 1065 1148 1113 ibat,
1171 1065 1322 1104 infestis
1343 1064 1466 1116 signis
1487 1064 1534 1103 ad
1561 1077 1623 1104 ca-

144 1128 161 1160 8
192 1127 271 1160 stra
293 1121 462 1161 hostium
484 1122 672 1161 succedit.
713 1121 780 1161 ubi
802 1128 845 1161 ut
866 1122 1028 1161 militem
1050 1122 1090 1161 in
1122 1121 1220 1161 vallo
1247 1121 1341 1160 vidit
1367 1121 1553 1172 missique
1576 1121 1624 1160 ab

194 1178 300 1216 omni
322 1184 431 1229 parte
453 1179 711 1230 exploratum,
739 1191 856 1229 quam
885 1179 924 1217 in
958 1179 1141 1229 exiguum
1171 1178 1308 1218 orbem
1339 1184 1538 1217 contracta
1559 1190 1624 1217 ca-

144 1240 162 1271 9
191 1241 269 1273 stra
292 1241 434 1283 essent,
457 1235 692 1286 paucitatem
708 1235 798 1274 inde
819 1235 989 1275 hostium
1011 1235 1253 1286 colligentes,
1270 1235 1522 1282 rettulerunt,
1545 1235 1625 1274 fre-

194 1357 236 1389 lis
262 1367 392 1389 corona
419 1360 483 1399 est,
514 1367 603 1399 quae
638 1357 745 1389 datur
769 1359 875 1400 impe-

192 1404 311 1434 ratori
335 1404 383 1443 ei,
415 1404 477 1444 qui
508 1402 688 1435 obsidione
712 1403 877 1435 liberavit

193 1448 235 1479 ab
255 1449 413 1480 hostibus
430 1449 600 1486 obsessos;
620 1458 660 1479 ea
673 1447 716 1487 fit
731 1459 775 1480 ea:
789 1459 875 1490 gra-

193 1494 286 1524 mine
318 1493 430 1525 viridi
459 1492 536 1532 fere
566 1503 610 1524 ea:
641 1504 680 1525 eo
718 1493 793 1526 Ioco
819 1493 875 1526 de-

194 1541 331 1580 cerpto,
364 1540 400 1570 in
432 1549 500 1580 quo
533 1541 636 1570 erant
667 1539 805 1571 inclusi.
832 1563 840 1571 .
866 1563 874 1571 .

193 1593 283 1625 quae
316 1594 446 1616 corona
471 1594 624 1626 magnae
646 1586 877 1616 auctoritatis

190 1628 284 1668 suit,-
307 1639 390 1660 nam
415 1632 449 1661 et
466 1630 502 1662 P.
521 1629 631 1661 Decio
657 1629 761 1662 datae
787 1629 877 1661 duae

191 1677 294 1705 sunt:
326 1684 397 1706 una
427 1675 469 1706 ab
507 1676 667 1707 exercitu
699 1676 877 1716 universo,

193 1718 308 1751 altera
333 1721 375 1751 ab
395 1721 450 1761 iis,
477 1722 538 1762 qui
553 1718 704 1758 fuerunt
721 1722 758 1752 in
770 1730 876 1762 prae·

192 1764 284 1797 sz'dio
310 1766 448 1797 obsessi.

240 1811 270 1842 3.
294 1820 431 1842 secum.
447 1808 630 1850 ,fuer-ant]
654 1819 680 1843 5.
707 1820 747 1842 zu
773 1811 804 1852 2,
823 1811 876 1851 43,

195 1855 232 1893 ὃς
259 1855 288 1895 S,
315 1857 368 1896 35,
396 1857 430 1894 1;
459 1856 512 1896 24,
539 1856 592 1897 33,
611 1857 648 1894 6;
682 1855 804 1888 vorher
833 1856 877 1889 ist

193 1909 258 1930 suo
283 1900 343 1932 auf
365 1899 428 1932 den
453 1899 580 1933 wieder
609 1911 649 1933 zu
675 1899 875 1933 denkenden

193 1943 293 1976 Dativ
318 1945 478 1986 bezogen.
495 1964 540 1969 —
563 1945 674 1977 libras
696 1943 822 1985 farris]
850 1955 874 1978 s.

195 1991 226 2029 4,
246 1991 298 2030 15,
323 1991 353 2022 6.
388 2008 432 2014 -
461 1992 639 2022 sectarios
669 1992 756 2030 vim]
789 2000 816 2024 S.
843 1991 873 2031 5,

194 2036 248 2076 47,
268 2035 297 2068 8.
313 2053 359 2059 —-
376 2035 541 2076 indicem]
561 2044 586 2067 s.
607 2035 626 2076 ξ
643 2036 678 2073 2ς
698 2036 751 2075 23,
770 2036 824 2076 46,
843 2036 872 2067 2.

241 2081 271 2112 4.
288 2079 500 2119 Suessulam]
519 2080 689 2112 zwischen
704 2079 788 2112 Nola
805 2079 872 2112 und

196 2124 308 2168 Capua
334 2135 386 2157 am
404 2124 557 2167 Eingang
580 2125 615 2157 in
640 2124 693 2157 die
719 2124 874 2158 Caudini-

196 2170 299 2203 schen
325 2168 429 2203 Passe
454 2170 607 2212 gelegen.
637 2188 681 2193 —
713 2169 812 2212 qua*
838 2194 845 2202 .
864 2194 872 2202 .

196 2217 387 2248 certamine
428 2215 552 2247 ultimo
586 2239 591 2247 .
623 2217 644 2255 .]
682 2216 873 2247 certamine

194 2261 320 2293 ultimo
353 2261 396 2293 ist
422 2261 475 2293 ein
505 2260 643 2301 Zusatz,
675 2259 733 2293 der
763 2260 873 2293 neben

197 2317 267 2348 qua
297 2305 398 2347 lastig
430 2306 490 2344 ist;
531 2305 684 2339 derselbe
715 2305 781 2338 soll
812 2315 874 2338 nur

197 2350 261 2383 den
281 2349 412 2393 Begriff
425 2347 517 2384 ‘zum
542 2350 668 2384 letzten
686 2347 763 2383 Mal'
792 2350 871 2388 oder

195 2391 272 2428 ‘den
287 2396 412 2429 letzten
427 2390 588 2429 Versuch'
604 2406 680 2429 zum
694 2395 873 2429 Ausdruck

197 2440 348 2483 bringeri.
367 2459 411 2465 —-
427 2443 553 2474 robore
572 2466 580 2474 .
596 2466 604 2474 .
622 2443 748 2482 accito]
774 2441 874 2474 nach-

197 2484 273 2518 dem
298 2496 374 2518 man
399 2485 465 2527 (die
492 2485 629 2527 Fsihrer)
655 2511 686 2520 ..
709 2487 819 2524 hatte;
847 2496 873 2519 s.

200 2532 259 2571 14,
289 2533 342 2563 10:
377 2533 561 2565 instructo.
610 2531 675 2565 Das
702 2531 786 2565 Heer
808 2531 876 2564 ·hat

945 1357 1016 1390 sich
1041 1357 1096 1390 bei
1128 1356 1290 1390 Suessula
1320 1357 1537 1400 gesammelt;
1571 1357 1625 1391 die

944 1402 1147 1447 Bewohner‘
1167 1402 1226 1435 der
1257 1401 1355 1436 Stadt
1384 1402 1546 1436 schicken
1570 1402 1625 1436 die

944 1447 1064 1481 Boten.

991 1495 1021 1526 5.
1048 1493 1162 1533 citati]
1188 1491 1257 1535 vgl.
1283 1493 1313 1532 2,
1341 1495 1393 1534 10,
1419 1493 1450 1526 3.
1483 1511 1523 1516 —
1555 1492 1625 1526 Va-

946 1539 1085 1579 lerium]
1103 1537 1216 1570 Livius
1238 1537 1372 1571 scheint
1395 1537 1453 1571 ihn
1479 1538 1568 1571 noch
1591 1538 1626 1572 in

945 1584 1056 1617 seiner
1065 1582 1221 1625 Stellung
1230 1592 1284 1615 am
1293 1582 1424 1616 Gaurus
1431 1593 1473 1616 zu
1482 1582 1626 1618 denken.

992 1630 1022 1662 6.
1047 1630 1180 1672 raptim
1204 1630 1341 1669 agitur]
1368 1639 1393 1661 5.
1411 1639 1454 1661 zu
1471 1629 1502 1669 6,
1522 1630 1575 1670 28,
1594 1631 1624 1663 2.

946 1693 989 1698 -
1024 1675 1153 1717 procul
1187 1675 1243 1714 ab]
1289 1673 1403 1707 Livius
1440 1674 1627 1716 gebraucht

940 1719 1073 1762 procul
1095 1719 1229 1753 sowohl
1246 1719 1280 1752 in
1306 1718 1514 1752 r‘aumlichen
1532 1720 1571 1761 (s.
1594 1722 1624 1759 5,

946 1767 982 1804 93
1008 1775 1049 1797 zu
1076 1766 1129 1805 33,
1158 1766 1209 1805 15,
1235 1766 1279 1806 6),
1305 1763 1355 1797 als
1385 1764 1471 1797 auch
1502 1764 1536 1797 in
1568 1774 1627 1798 an-

948 1810 1048 1843 deren
1069 1809 1324 1843 Verhiiltnissen
1349 1809 1429 1842 bald
1446 1809 1517 1851 mit,
1535 1809 1625 1850 bald,

948 1856 1014 1888 wie
1039 1855 1094 1888 die
1119 1854 1254 1888 Dichter
1277 1856 1317 1895 (s.
1337 1854 1403 1888 Cic.
1429 1854 1471 1887 ad
1496 1854 1574 1888 fam.
1595 1857 1625 1896 7,

947 1901 977 1940 6,
999 1901 1029 1941 1)
1044 1899 1110 1932 und
1130 1899 1283 1942 Spfitere,
1303 1899 1391 1932 ohne
1408 1901 1470 1937 ab;
1489 1909 1515 1932 5.
1530 1900 1550 1941 ξ
1567 1902 1623 1939 10;

949 1947 999 1986 14,
1027 1948 1057 1979 5.
1089 1946 1142 1985 39,
1170 1945 1227 1983 12;
1254 1945 1413 1985 6,16,6;
1440 1945 1470 1984 8,
1493 1946 1624 1986 32,13;

945 1991 975 2029 9,
1002 1991 1057 2031 44,
1083 1991 1113 2022 2.
1147 2008 1189 2012 -
1214 1991 1422 2030 ceterorum]
1448 1999 1548 2023 wenn
1573 1989 1626 2023 Li-

943 2035 1018 2068 vius
1045 2034 1098 2067 die
1132 2033 1251 2067 Pserde
1282 2033 1377 2066 nicht
1407 2044 1449 2066 zu
1482 2034 1547 2068 den
1572 2038 1627 2067 iu-

942 2082 1057 2111 menta
1083 2079 1221 2112 reclinet
1244 2082 1283 2119 (5.
1304 2079 1398 2112 Caes.
1423 2079 1487 2113 BC.
1514 2082 1545 2122 3,
1570 2082 1625 2123 49,

943 2126 987 2166 3),
1012 2134 1049 2157 so
1075 2125 1164 2157 muss
1197 2127 1394 2156 ceterorum
1422 2125 1488 2159 wie
1516 2127 1568 2167 10„
1594 2127 1624 2167 8,

943 2172 963 2202 4
989 2179 1189 2211 genommen
1217 2168 1362 2203 werden.

990 2216 1019 2248 8.
1046 2216 1087 2246 ab
1107 2216 1202 2246 omni
1216 2217 1332 2257 parte]
1359 2215 1480 2257 gehort
1497 2226 1538 2249 zu
1556 2217 1625 2248 ret-

944 2260 1116 2298 tulemmt;
1144 2270 1184 2292 zu
1201 2262 1299 2292 missi
1316 2260 1406 2293 kann
1424 2259 1545 2293 dai-aus
1566 2270 1624 2302 ge-

944 2315 1101 2337 nommen
1121 2304 1274 2338 werden:
1300 2307 1338 2338 in
1355 2316 1474 2338 omnes
1491 2308 1623 2348 partes.

944 2369 988 2373 ——
1014 2350 1145 2392 quam*
1171 2352 1208 2382 in
1228 2375 1235 2383 .
1258 2353 1278 2391 .]
1304 2360 1330 2383 s.
1357 2352 1394 2391 2,
1428 2352 1485 2384 13:
1518 2361 1625 2393 quam

942 2396 1004 2433 [ἰὸς
1030 2396 1083 2435 36,
1102 2396 1157 2436 30,
1172 2398 1208 2434 ὃς
1235 2396 1302 2438 vgl.
1328 2398 1358 2436 7,
1373 2397 1403 2436 S,
1429 2397 1460 2428 4.
1478 2414 1521 2419 —-
1538 2397 1575 2428 ἰη
1591 2421 1599 2428 .
1615 2421 1622 2430 .

945 2442 1072 2480 orbem]
1099 2450 1125 2473 5.
1144 2441 1198 2482 42,
1218 2441 1270 2482 65,
1296 2443 1325 2474 7.
1344 2460 1388 2464 —
1405 2441 1622 2483 colligentes]

943 2485 1056 2519 indem
1071 2486 1120 2518 sie
1135 2485 1255 2519 daraus
1264 2486 1441 2519 schlossen
1450 2485 1518 2519 und
1530 2485 1623 2520 diese

943 2531 1014 2564 ihre
1053 2531 1191 2564 Ansicht
1218 2531 1372 2573 zugleich
1397 2531 1591 2565 mitteilten.
