1779 2828
83 80 109 101 a.
132 72 199 102 Chr.
221 81 249 101 n.
271 74 331 103 343.
352 72 415 101 342.
544 61 671 95 LIBER
695 61 763 95 VH·
813 60 908 95 CAP·
935 64 988 96 38-
1015 64 1069 97 39-
1454 62 1533 102 185

82 192 161 233 que
183 179 348 219 consilia
372 179 413 219 in
435 178 615 217 hibernis
637 177 775 217 eodem
797 177 948 217 scelere
977 177 1208 217 adimendae
1231 179 1440 232 Campanis
1464 179 1534 220 Ca-

83 249 201 290 puae,
222 249 296 289 per
317 236 425 289 quod
457 235 512 274 illi
543 247 626 274 eam
660 235 834 287 antiquis
865 235 1085 275 cultoribus
1115 236 1373 277 ademissentz
1404 250 1535 289 neque

81 295 268 335 inmerito
291 306 406 334 suum
427 292 607 344 ipsorum
630 293 855 345 exemplum
883 293 924 332 in
953 305 1022 332 eos
1043 305 1266 332 versurum.
1309 307 1380 334 cur
1402 303 1535 335 autem

79 353 213 406 potius
235 350 423 403 Campani
452 362 591 401 agrum
612 349 746 390 Italiae
776 350 1036 395 uberrimum,
1067 350 1227 402 dignam
1257 363 1350 403 agro
1380 352 1534 397 urbem,

81 410 149 462 qui
172 421 248 448 nec
268 421 310 449 se
332 420 407 447 nec
424 420 494 448 sua
511 408 633 448 tutari
649 414 826 459 possent,
849 420 968 460 quam
990 408 1117 448 victor
1139 408 1336 448 exercitus
1357 409 1534 454 haberet,

81 467 148 519 qui
164 478 237 506 suo
254 465 400 506 sudore
425 478 469 505 ac
486 465 681 518 sanguine
699 465 792 505 inde
808 466 1006 506 Samnites
1028 464 1271 518 depulisset?
1294 479 1343 506 an
1367 479 1537 519 aequum

79 537 177 572 esse,
209 523 414 563 dediticios
443 535 538 563 suos
562 523 626 562 illa
658 523 860 563 fertilitate
890 529 1008 576 atque
1030 523 1268 563 amoenitate
1298 526 1462 577 perfrui,
1495 537 1536 564 se

77 581 284 621 militando
306 582 432 621 fessos
454 581 495 620 in
513 581 714 633 pestilenti
736 587 854 633 atque
873 582 982 621 arido
1006 582 1109 621 circa
1130 580 1274 620 urbem
1290 582 1374 622 solo
1396 582 1536 622 luctari

78 645 146 679 aut
165 639 206 678 in
230 639 330 678 urbe
366 639 607 679 insidentem
637 638 770 678 tabem
805 640 1022 679 crescentis
1043 639 1083 678 in
1117 639 1199 679 dies
1229 640 1403 680 faenoris
1424 639 1535 692 pati?

75 697 174 736 haec
197 696 341 748 agitata
373 696 540 736 occultis
573 696 919 736 coniurationibus
941 697 1112 737 necdum
1144 697 1298 749 vulgata
1327 697 1367 736 in
1398 710 1536 737 omnes

77 753 243 794 consilia
263 754 416 794 invenit
438 766 565 794 novus
596 754 738 794 consul
767 754 807 794 C.
837 754 1009 794 Marcius
1031 754 1200 802 Rutilus,
1230 755 1293 794 cui
1324 755 1537 808 Campania

75 817 185 852 sorte
215 812 422 864 provincia
455 817 651 858 evenerat,
686 811 732 858 Q.
757 811 922 852 Servilio
954 812 1105 864 collega
1127 812 1175 851 ad
1206 812 1347 852 urbem
1383 814 1533 852 relicto.

74 869 208 921 itaque
229 881 322 909 cum
339 869 472 909 omnia
495 881 552 917 ea,
568 869 671 909 sicut
687 876 796 920 gesta
814 876 942 918 erant,
959 882 1033 922 per
1053 870 1238 910 tribunos
1256 877 1449 922 conperta
1465 871 1535 909 ha-

73 926 190 967 beret
210 933 250 966 et
280 933 406 966 aetate
428 934 467 967 et
497 939 573 966 usu
604 927 759 975 doctus,
791 927 938 980 quippe
971 927 1038 979 qui
1068 928 1143 966 iam
1177 934 1364 979 quartum
1394 928 1536 968 consul

75 990 180 1024 esset
196 984 445 1036 dictatorque
463 991 503 1024 et
519 996 665 1024 censor
679 985 831 1033 fuisset,
846 986 1040 1037 optimum
1055 992 1164 1025 ratus
1174 985 1395 1025 differendo
1408 998 1534 1038 spem,

74 1041 412 1094 quandocumque
442 1042 609 1089 vellent,
641 1042 797 1082 consilii
828 1042 1071 1094 exsequendi
1102 1043 1311 1082 militarem
1342 1044 1535 1096 impetum

74 1099 272 1148 frustrari,
296 1111 501 1139 rumorem
523 1099 690 1152 dissipat
712 1100 751 1139 in
774 1100 915 1140 iisdem
938 1100 1094 1152 oppidis
1117 1107 1155 1140 et
1177 1113 1282 1140 anno
1307 1108 1398 1153 post
1418 1114 1534 1154 prae-

72 1156 171 1197 sidia
190 1156 470 1207 hibernatura;
509 1157 628 1197 divisa
651 1157 760 1197 enim
782 1165 895 1198 erant
925 1170 998 1210 per
1021 1157 1256 1210 Campaniae
1287 1159 1419 1206 urbes,
1450 1171 1534 1198 ma-

72 1221 345 1267 naverantque
361 1227 382 1254 a
400 1214 533 1267 Capua
556 1215 719 1255 consilia
742 1215 784 1254 in
803 1215 1022 1255 exercitum
1040 1228 1214 1255 omnem.
1248 1228 1294 1255 eo
1310 1216 1532 1256 laxamento

1566 701 1584 734 S

1566 876 1584 908 9

1566 1164 1601 1196 10

71 1272 380 1324 cogitationibus
402 1272 492 1312 dato
516 1272 663 1324 quievit
686 1272 727 1312 in
758 1273 984 1325 praesentia
1015 1273 1167 1313 seditio.
1221 1275 1363 1314 consul
1386 1275 1527 1314 educto
1553 1275 1602 1312 39

71 1329 113 1370 in
135 1330 280 1370 aestiva
301 1330 437 1379 milite,
460 1330 553 1369 dum
578 1330 735 1382 quietos
767 1331 964 1370 Samnites
986 1330 1170 1378 habebat,
1194 1332 1411 1372 exercitum
1435 1344 1533 1384 pur-

842 1420 867 1443 s.
895 1410 948 1450 22,
977 1412 1007 1444 5.
1027 1428 1067 1433 —
1087 1412 1291 1451 crescentis]
1319 1421 1346 1444 s.
1373 1412 1404 1453 2,
1423 1411 1477 1451 23,
1496 1412 1531 1449 6;

842 1454 976 1489 starker
1005 1455 1118 1489 heben
1144 1455 1275 1491 Dionis
1300 1456 1370 1489 und
1395 1456 1533 1499 Appian

76 1406 163 1443 10ff.
189 1427 235 1433 —
260 1408 413 1441 consilia
439 1433 470 1442 ..
497 1409 730 1443 adimendae.
747 1412 768 1450 .]

75 1464 102 1488 s.
129 1455 162 1494 6,
188 1455 220 1496 2,
247 1456 277 1488 1.
302 1473 348 1478 —
365 1455 508 1496 scelere]
535 1465 561 1488 s.
591 1457 643 1496 10,
664 1457 718 1497 38,
737 1457 768 1490 6.

73 1519 118 1526 -
138 1500 344 1543 Campanis]
371 1500 436 1534 den
462 1499 681 1534 Bewohnern
698 1511 768 1535 von

73 1545 301 1589 Kampanien,
335 1556 447 1589 genau
474 1556 678 1589 genommen
705 1557 769 1580 nur

73 1593 186 1626 einem
212 1591 309 1625 Teile
338 1592 537 1634 derselben,
572 1593 674 1626 naml.
702 1593 768 1626 den

74 1637 322 1671 samnitischen
347 1637 560 1677 Eroberern;
595 1649 620 1672 s.
647 1641 685 1679 4,
712 1640 768 1682 37,

74 1686 109 1724 1;
137 1685 200 1723 28,
235 1685 299 1726 28,
325 1684 365 1717 6;
403 1683 576 1726 Campani
609 1684 769 1727 Capuam

77 1729 201 1763 Tuscis
214 1731 393 1762 veteribus
407 1731 606 1763 cultoribus
623 1730 768 1773 ademp-

75 1779 148 1809 tam
173 1776 396 1817 (habebant);
421 1775 492 1818 vgl.
511 1775 654 1819 Dionys.
683 1775 767 1809 Vor-

72 1821 134 1855 her
151 1821 173 1866 §
192 1823 213 1855 4
235 1821 312 1854 sind
337 1821 392 1855 die
407 1820 603 1855 Bewohner
623 1820 770 1866 Kampa-

74 1868 174 1901 niens
199 1868 368 1910 gemeint;
396 1877 423 1902 S.
449 1868 470 1910 ξ
498 1869 558 1907 1Ο;
585 1869 640 1909 39,
667 1870 698 1901 4.

122 1915 153 1948 6.
178 1924 283 1946 suum
301 1941 309 1948 .
325 1939 332 1946 .
350 1915 551 1955 versurum]
576 1913 646 1956 vgl.
664 1916 693 1955 1,
712 1915 767 1955 49,

75 1960 107 1995 2.
132 1979 178 1983 -
203 1970 269 1992 cur
293 1963 411 1992 autem
426 1986 432 1993 .
449 1986 456 1993 .
475 1960 633 2000 haberet]
660 1959 767 1993 sehon

73 2006 108 2039 in
124 2004 214 2039 Orat.
233 2008 326 2039 recta
343 2005 463 2039 wfirde
477 2005 537 2039 der
550 2005 767 2048 Konjunktiv

74 2051 196 2085 stehen
218 2053 299 2093 (eur
319 2077 327 2085 .
345 2076 353 2085 .
374 2052 563 2093 habeant&
586 2052 636 2085 als
659 2051 767 2095 Frage

73 2096 135 2131 des
161 2096 370 2131 Unwillens:
404 2097 449 2131 ob
475 2107 513 2130 es
537 2097 767 2131 andererseits

74 2143 175 2177 einen
201 2142 318 2179 Grund
344 2143 449 2185 gebe,
479 2153 610 2176 warum
645 2144 695 2176 sie
722 2170 729 2177 .
757 2171 764 2177 .

74 2188 219 2229 sollten;
246 2189 316 2232 vgl.
342 2190 397 2230 22,
424 2191 479 2230 59,
506 2190 559 2223 18.
601 2188 766 2232 Dagegen

72 2234 120 2268 ist
156 2245 204 2268 an
240 2245 395 2278 aequum
432 2246 504 2267 esse
535 2235 767 2269 rhetorischer

72 2279 257 2314 Ausdruck
281 2281 336 2314 sur
359 2291 433 2314 non
459 2291 612 2324 aequum
637 2284 700 2314 est.

121 2328 153 2360 7.
167 2326 352 2382 pestilenti
364 2329 470 2370 atque
485 2327 603 2368 arido]
617 2326 765 2371 Dionys:

14 2410 18 2414 ,
74 2370 199 2418 λυπρά
226 2367 248 2418 ἦ
273 2374 338 2418 γῆ,
373 2373 440 2406 wie
462 2373 552 2415 jetzt
585 2372 640 2406 die
667 2373 764 2406 Cam-

73 2427 206 2471 pagna;
224 2420 346 2452 anders
365 2417 535 2457 Strabo5,
549 2420 580 2460 3,
596 2420 615 2452 5
634 2418 668 2452 S.
682 2420 764 2453 231:

76 2454 212 2499 ἅπασα
229 2464 388 2518 (Latium)
406 2459 474 2499 <5³²
454 2465 558 2500 εστὶν
573 2444 766 2508 εὐδαίμων

75 2509 141 2544 καὶ
164 2521 302 2555 παμφο
333 2522 376 2552 ος
392 2506 490 2556 πλὴν
523 2507 669 2556 ὀλίγων
691 2523 766 2555 χω-

78 2554 194 2600 ρίων;
218 2555 288 2598 vgl.
294 2506 377 2589 'iiim
394 2558 424 2597 5,
444 2558 499 2597 54,
524 2558 556 2590 4.
574 2576 618 2580 —
638 2557 766 2596 tabem]

841 1501 959 1534 diesen
970 1500 1085 1535 Punkt
1099 1501 1222 1535 hervor
1232 1493 1323 1545 {ng
1333 1504 1387 1544 39,
1399 1504 1427 1536 S.
1437 1503 1532 1543 42,1.

888 1548 918 1581 S.
952 1549 1278 1589 coniurationibus]
1310 1548 1380 1591 vgl.
1413 1550 1468 1590 42,
1501 1550 1531 1582 3.

839 1613 885 1617 -
911 1595 1049 1626 invenit
1072 1619 1079 1627 .
1095 1592 1121 1637 .]
1148 1604 1183 1626 er
1209 1596 1335 1627 musste
1361 1594 1434 1627 also
1462 1598 1532 1627 erst

840 1639 927 1672 nach
955 1639 1031 1672 dem
1058 1639 1212 1682 Beginne
1240 1639 1300 1673 des
1319 1639 1471 1673 Winters
1489 1651 1532 1673 zu

840 1684 918 1718 dem
953 1684 1061 1718 Heere
1097 1685 1303 1728 gekommen
1338 1687 1428 1723 sein;
1461 1686 1530 1729 vgl.

841 1731 861 1773 ξ
889 1732 927 1767 3;
958 1732 1138 1772 25,1.—-
1164 1731 1337 1774 Marcius]
1365 1742 1390 1765 s.
1418 1733 1472 1773 28,
1486 1711 1530 1766 6.

840 1795 884 1800 -
910 1776 1076 1818 Servi‘lzo]
1103 1787 1130 1811 s.
1158 1778 1189 1819 2,
1218 1780 1246 1810 ἵ.
1273 1797 1317 1802 -
1344 1778 1392 1811 ad
1407 1780 1531 1811 urbem

839 1822 979 1863 relicto]
1006 1833 1031 1855 S.
1059 1825 1092 1863 9,
1117 1824 1172 1863 42,
1200 1826 1231 1857 4.

886 1870 917 1902 9.
944 1871 1039 1901 sicut
1059 1872 1163 1911 gesta
1183 1871 1300 1910 erant]
1318 1869 1389 1912 vgl.
1416 1870 1448 1911 3,
1476 1872 1529 1910 50,

838 1916 871 1947 4.
897 1934 941 1938 —-
959 1914 1161 1955 differendo
1178 1940 1185 1948 .
1201 1917 1223 1956 .]
1248 1915 1430 1957 bewirkte,
1457 1915 1530 1949 dass

839 1960 888 1994 sie
915 1960 969 1994 die
995 1960 1178 2004 Hoffnung,
1202 1962 1293 2003 jetzt
1322 1961 1420 1995 ihren
1445 1961 1530 1994 Plan

839 2006 1087 2049 ausmffihren,
1124 2007 1308 2050 aufgaben.
1348 2027 1390 2032 —
1434 2018 1530 2040 anno

836 2054 928 2095 post]
955 2063 981 2086 s.
1014 2054 1053 2094 2,
1084 2054 1134 2093 16,
1162 2056 1197 2092 ’ῖς
1229 2053 1298 2086 Cic.
1323 2052 1417 2088 Brut.
1445 2054 1528 2087 316:

838 2099 983 2131 biennio
1006 2102 1106 2142 post;
1133 2116 1177 2128 =
1202 2099 1249 2132 im
1267 2098 1350 2132 Jahr
1368 2099 1528 2140 nachher,

838 2144 883 2177 im
910 2144 1076 2178 nachsten
1101 2144 1216 2179 Jahre.

886 2192 940 2224 10.
965 2201 1031 2233 per
1058 2191 1277 2234 Campaniae
1310 2191 1428 2232 urbes]
1462 2191 1528 2223 wie

839 2236 965 2269 Cumae
992 2238 1036 2278 (4,
1062 2239 1118 2279 44,
1141 2239 1206 2279 12),
1231 2236 1356 2277 Atella,
1382 2236 1529 2270 Acerrae

837 2283 881 2323 (8,
910 2285 962 2324 14,
991 2284 1044 2324 11)
1073 2294 1107 2318 u.
1133 2293 1179 2321 a.;
1215 2293 1241 2316 s.
1269 2284 1322 2323 39,
1349 2284 1386 2318 4;
1422 2291 1458 2314 es
1483 2282 1528 2315 ist

838 2328 912 2361 also
951 2338 1037 2370 ganz
1074 2327 1287 2371 Kampanien
1327 2326 1528 2361 militarisch

837 2373 971 2406 hesetzt
1014 2373 1084 2406 und
1125 2373 1187 2406 das
1221 2372 1308 2406 Heer
1350 2372 1432 2405 oder
1472 2374 1526 2407 ein

837 2420 969 2461 grosser
994 2418 1069 2451 Teil
1102 2418 1284 2452 desselben
1319 2419 1528 2461 ungeachtet

837 2464 898 2497 der
918 2463 1104 2507 Triumphe
1125 2463 1201 2497 dort
1224 2464 1525 2508 zurfickgelassen.

884 2509 945 2545 39.
976 2512 1005 2543 1.
1033 2511 1180 2551 aestiva]
1200 2521 1226 2544 s.
1246 2511 1299 2552 38,
1317 2513 1349 2545 4.
1367 2530 1411 2535 -
1429 2514 1526 2554 quie-

839 2558 893 2589 tos
919 2581 926 2588 .
942 2582 949 2589 .
976 2556 1140 2596 habebat]
1166 2556 1261 2591 stellt
1279 2556 1332 2591 die
1358 2555 1456 2591 Ruhe
1475 2558 1525 2591 als
