1779 2828
723 73 982 109 PERIOCHAE.
1502 72 1554 111 29
1563 74 1582 111 l

130 190 260 224 tribuni
286 189 434 224 militum
461 199 564 233 opera
591 192 748 223 servatus
773 193 843 231 est,
870 189 930 232 qui
956 192 1126 233 occupato
1153 189 1241 223 colle
1267 199 1369 232 super
1394 188 1429 222 id
1453 189 1583 233 iugum,
1611 197 1644 223 25

131 237 167 270 in
194 247 262 281 quo
290 236 464 270 Samnites
490 234 735 273 consederant
772 236 992 269 occasionem
1018 235 1152 268 consuli
1178 236 1214 268 in
1241 235 1442 278 aequiorem
1467 215 1585 269 loscum

132 282 301 317 evadendi
326 281 438 321 dedit;
465 281 541 325 ipse
567 281 609 314 ab
636 281 795 314 hostibus
822 282 1069 315 circumsessus
1096 281 1222 324 erupit.
1272 291 1348 314 cum
1374 282 1500 315 milites
1519 281 1587 315 Ro-

132 329 238 371 mani,
263 329 322 373 qui
348 327 485 371 Capuae
509 326 546 360 in
572 327 744 371 praesidio
770 327 882 361 relicti
909 332 1018 368 erant,
1044 327 1087 361 de
1113 326 1313 370 occupanda
1338 327 1423 360 urbe
1449 329 1586 371 conspi-

132 379 268 409 rassent
293 378 328 408 et
352 373 491 410 detecto
519 372 664 408 consilio
690 377 785 408 metu
811 373 972 417 supplicii
998 384 1015 406 a
1034 372 1164 417 populo
1182 338 1339 407 Rpomano
1366 372 1586 415 defecissent

130 431 194 465 per
217 420 262 454 M.
282 419 458 454 Valerium
478 419 625 453 Corvum
651 419 867 462 dictatorem,
894 419 951 463 qui
979 419 1124 453 consilio
1151 429 1214 453 suo
1241 429 1300 453 eos
1319 429 1337 452 a
1356 418 1470 453 surore
1488 430 1585 453 revo·
1610 427 1644 454 30

132 470 289 508 caverat,
315 467 446 510 patriae
473 465 623 499 restituti
649 469 740 500 sunt.
790 476 844 500 res
870 470 1046 509 praeterea
1075 469 1192 499 contra
1219 464 1384 500 Hernicos
1410 469 1443 499 et
1468 465 1585 499 Gallos

132 518 167 547 et
193 511 354 546 Tiburtes
379 515 414 545 et
439 511 659 546 Privernates
685 514 719 546 et
736 511 1006 556 Tarquinienses
1033 517 1067 546 et
1086 511 1258 546 Samnites
1285 516 1319 546 et
1338 511 1484 546 Volscos
1510 522 1586 556 pro-

129 569 229 602 spere
255 563 372 603 gestas
398 558 565 593 continet.

752 686 801 734 T.
841 686 956 733 LIVI

374 769 431 806 AB
463 769 579 806 VRBE
611 769 805 806 connirA
837 770 954 806 LlssRl
987 769 1061 806 vlu
1094 768 1337 806 PERIOCHA.

220 857 331 892 Latini
357 868 434 892 cum
461 858 643 902 Campanis
669 857 825 892 defecere
852 862 886 892 et
910 859 1026 892 missis
1059 858 1184 902 legatis
1211 857 1253 891 ad
1280 862 1439 891 senatum
1465 857 1582 892 condi-

129 904 265 938 cionem
290 903 452 945 tulerunt,
478 908 527 946 ut,
553 904 581 938 si
605 914 727 948 pacem
754 905 880 938 habere
905 905 1047 946 vellent,
1074 905 1219 938 alterurn
1246 915 1288 938 ex
1307 904 1436 938 Latinis
1461 914 1584 938 consu-

128 951 197 984 lem
222 950 386 985 facerent.
437 960 503 994 qua
529 950 704 994 legatione
728 951 860 994 perlata
888 954 1025 995 praetor
1050 961 1167 985 eorum
1186 951 1319 984 Annius
1345 950 1387 984 de
1414 951 1583 994 Capitolio

127 997 176 1030 ita
194 996 379 1041 prolapsus
406 1000 472 1038 est,
499 1000 535 1030 ut
555 996 815 1030 exanimaretur
857 996 896 1031 T.
916 996 1066 1030 Manlius
1092 996 1213 1031 consul
1239 996 1359 1039 filium,
1386 996 1478 1041 quod
1505 1008 1584 1031 con-

128 1046 177 1076 tra
204 1042 354 1077 edictum
379 1043 455 1076 eius
480 1042 644 1076 adversus
664 1042 804 1077 Latinos
821 1048 1048 1096 pugnaverat,
1075 1043 1233 1087 quamvis
1251 1053 1416 1087 prospere
1434 1053 1583 1087 pugnas·
1611 1053 1626 1075 ἵ)

128 1092 192 1132 set,
210 1090 321 1123 securi
339 1090 521 1133 percussit.
563 1089 801 1123 laborantibus
820 1091 853 1122 in
873 1090 945 1123 acie
965 1089 1126 1124 Romanis
1145 1089 1180 1123 P.
1200 1088 1335 1124 Decius
1363 1094 1442 1123 tunc
1461 1091 1581 1123 consul

128 1146 205 1170 cum
222 1134 370 1178 Manlio,
395 1135 539 1170 devovit
564 1145 601 1169 se
627 1146 688 1180 pro
715 1136 867 1170 exercitu
895 1140 945 1177 et,
971 1136 1144 1169 concitato
1171 1146 1261 1188 equo
1288 1146 1364 1169 cum
1391 1136 1425 1169 in
1451 1136 1582 1170 medios

127 1182 246 1216 hostes
273 1192 310 1216 se
336 1182 530 1223 intulisset,
561 1181 764 1216 interfectus
791 1187 901 1216 morte
928 1193 989 1216 sua
1016 1182 1178 1216 Romanis
1205 1182 1386 1216 victoriam
1417 1183 1580 1216 restituit.

127 1227 237 1262 Latini
263 1228 296 1262 in
323 1227 534 1262 deditionem
561 1232 737 1262 venerunt.
788 1228 826 1262 T.
855 1227 983 1271 Manlio
1016 1229 1049 1261 in
1082 1229 1200 1262 urbem
1237 1238 1376 1261 reverso
1412 1238 1512 1262 nemo
1539 1239 1579 1262 ex

126 1275 307 1308 iuventute
333 1274 470 1309 obviam
497 1275 677 1318 processit.
719 1274 868 1309 Minucia
896 1275 992 1318 virgo
1012 1274 1161 1309 Vestalis
1180 1275 1302 1308 incesti
1330 1274 1489 1308 damnata
1516 1280 1578 1309 est.
1608 1282 1639 1308 lo

126 1321 325 1355 Ausonibus
349 1320 452 1354 victis
477 1320 511 1354 in
537 1320 702 1365 oppidum
735 1332 775 1355 ex
801 1323 851 1355 eis
878 1326 1017 1365 captum
1044 1321 1145 1355 Cales
1172 1321 1306 1355 colonia
1334 1320 1480 1354 deducta
1508 1327 1578 1359 est;

125 1367 209 1401 item
234 1366 411 1410 Fregellae
437 1367 574 1401 colonia
600 1366 747 1401 deducta
774 1372 836 1402 est.
880 1366 1086 1402 veneficium
1113 1368 1328 1412 conplurium
1349 1372 1578 1401 matronarum

125 1413 378 1458 deprehensum
403 1417 468 1456 est,
494 1423 536 1447 ex
554 1413 679 1457 quibus
705 1414 871 1458 plurimae
897 1415 1013 1448 statim
1039 1415 1152 1458 epotis
1170 1413 1453 1447 medicaminibus
1471 1415 1580 1457 perie-

123 1465 214 1494 runt.
262 1459 319 1493 lex
345 1459 386 1493 de
412 1458 582 1493 veneficio
611 1464 691 1494 tunc
717 1460 862 1503 primum
890 1461 1077 1495 constituta
1104 1465 1166 1494 est.
1208 1459 1478 1499 Privernatibus,
1504 1470 1579 1493 cum

124 1505 364 1548 rebellassent,
388 1505 490 1540 victis
517 1506 641 1539 civitas
666 1506 744 1540 data
771 1512 834 1540 est.
878 1506 1097 1550 Neapolitani
1117 1506 1208 1540 bello
1236 1511 1270 1540 et
1289 1506 1470 1540 obsidione
1496 1507 1576 1540 victi
1610 1514 1639 1540 15

124 1552 160 1586 in
185 1551 396 1597 deditionem
422 1556 602 1586 venerunt.
644 1552 682 1592 Q.
702 1551 865 1594 Publilio,
891 1553 949 1597 qui
975 1562 1035 1586 eos
1058 1552 1253 1594 obsederat,
1280 1553 1388 1596 primo
1415 1557 1449 1586 et
1475 1552 1581 1596 impe-

125 1598 212 1632 rium
238 1598 410 1643 prolatum
437 1603 490 1632 est
516 1602 550 1632 et
575 1609 636 1642 pro
655 1599 797 1633 consule
817 1599 1010 1642 triumphus
1035 1598 1204 1633 decretus.
1257 1598 1354 1641 plebs
1380 1609 1469 1632 nexu
1496 1599 1579 1633 libe-

125 1648 199 1678 rata
224 1647 278 1678 est
302 1648 442 1688 propter
467 1644 501 1678 L.
529 1643 644 1688 Papiri
670 1644 848 1679 creditoris
875 1645 1072 1686 libidinem,
1107 1645 1164 1689 qui
1193 1645 1227 1678 C.
1254 1644 1404 1678 Publilio
1431 1644 1577 1679 debitori

126 1700 190 1725 suo
216 1695 372 1734 stuprum
398 1690 522 1724 inferre
550 1690 718 1724 voluerat.
769 1702 844 1725 cum
872 1691 904 1725 L.
925 1691 1081 1735 Papirius
1100 1692 1224 1725 Cursor
1249 1690 1397 1725 dictator
1422 1701 1580 1725 reversus

125 1737 161 1770 in
185 1736 304 1770 urbem
331 1736 374 1769 ab
400 1736 553 1770 exercitu
578 1740 671 1770 esset
696 1743 837 1781 propter
862 1738 1015 1781 auspicia
1040 1737 1237 1780 repetenda,
1264 1736 1302 1777 Q.
1323 1737 1447 1771 Fabius
1473 1738 1578 1781 magi·
1605 1745 1637 1771 20

125 1786 196 1817 ster
219 1782 386 1827 equitum,
412 1783 596 1816 occasione
624 1783 710 1817 bene
737 1783 906 1827 gerendae
925 1785 971 1817 rei
991 1784 1167 1825 invitatus,
1195 1788 1313 1818 contra
1338 1783 1487 1817 edictum
1506 1785 1579 1818 eius

124 1838 289 1882 prospere
315 1828 480 1862 adversus
498 1828 669 1863 Samnites
695 1831 872 1873 pugnavit.
925 1831 968 1863 ob
996 1840 1070 1863 eam
1097 1840 1235 1864 causam
1262 1840 1338 1863 cum
1366 1829 1512 1864 dictator
1537 1829 1578 1863 de

125 1876 292 1918 magistro
318 1875 475 1919 equitum
502 1875 709 1919 supplicium
738 1881 937 1922 sumpturus
963 1875 1153 1917 videretur,
1181 1876 1306 1910 Fabius
1333 1875 1476 1910 Romam
1503 1887 1580 1920 pro-

126 1921 216 1965 fugit
240 1924 286 1965 et,
311 1931 389 1955 cum
415 1931 535 1965 parum
561 1931 664 1955 causa
691 1917 885 1965 proficeret,
912 1922 1029 1967 populi
1054 1923 1213 1966 precibus
1240 1922 1388 1956 donatus
1414 1928 1476 1957 est
1528 1933 1580 1957 res

124 1971 301 2013 praeterea
327 1971 446 2002 contra
473 1966 645 2002 Samnites
671 1978 834 2013 prospere
860 1974 978 2013 gestas
1004 1970 1168 2003 continet.
1604 1975 1636 2002 25

231 2094 591 2139 Abweichungen
616 2105 709 2129 vom
735 2094 847 2129 Text
873 2095 947 2129 der
971 2094 1234 2130 Jahnschen
1262 2095 1470 2140 Ausgabe

659 2141 806 2186 (Lipsiae
834 2146 1032 2184 nneccun).

251 2219 295 2254 vl
323 2222 337 2254 1
367 2219 528 2262 Volscos]
557 2220 706 2254 Vulscos
729 2220 817 2255 Jahn
847 2221 934 2255 nach
962 2221 1002 2255 N.

239 2266 296 2301 Vll
321 2267 341 2301 8
367 2268 465 2307 tunc]
500 2277 580 2299 cum
614 2267 756 2301 telluris
781 2269 885 2300 hiatu
920 2271 996 2301 tota
1028 2268 1076 2300 ad
1099 2267 1265 2300 ultimum
1296 2269 1425 2300 territa
1454 2269 1579 2309 patria

123 2313 230 2356 sorel,
256 2316 340 2346 lunc
363 2311 465 2346 Jahn.
490 2331 538 2337 —
565 2315 606 2348 10
632 2317 667 2346 et
690 2314 833 2356 eaepleta
859 2317 923 2355 est]
945 2315 1045 2356 jung.
1064 2313 1157 2352 Hss.;
1185 2313 1346 2357 eoepletat
1367 2311 1414 2347 N.
1440 2315 1492 2345 ita
1518 2324 1578 2345 ex-

119 2360 254 2402 pletum
278 2358 380 2393 Jahn.
405 2378 449 2383 —-
484 2361 524 2393 15
551 2371 572 2392 α
597 2371 633 2392 se
660 2360 745 2401 lata]
772 2359 856 2404 Mg.;
893 2361 968 2393 lala
995 2359 1043 2400 N,
1068 2371 1133 2392 sua
1160 2358 1267 2397 Jahn,
1295 2360 1337 2391 ab
1363 2361 1439 2402 ipsa
1467 2358 1579 2391 latam

127 2404 237 2440 wrsb.
257 2425 299 2429 —
327 2407 367 2439 18
391 2404 552 2449 Corvini]
580 2405 688 2440 Corvi
703 2405 803 2440 Jahn.
823 2425 867 2430 —
893 2408 935 2440 32
956 2406 1114 2445 Volscos]
1144 2405 1294 2439 Vulscos
1314 2403 1403 2438 Jahn
1430 2405 1516 2438 nach
1538 2404 1577 2438 N.

1231 2624 1301 2657 19*
