<?xml version="1.0" encoding="UTF-8"?>
<!DOCTYPE html PUBLIC "-//W3C//DTD XHTML 1.0 Transitional//EN"
    "http://www.w3.org/TR/xhtml1/DTD/xhtml1-transitional.dtd">
<html xmlns="http://www.w3.org/1999/xhtml" xml:lang="en" lang="en">
 <head>
  <title>
</title>
<meta http-equiv="Content-Type" content="text/html;charset=utf-8" />
  <meta name='ocr-system' content='tesseract 3.04.00' />
  <meta name='ocr-capabilities' content='ocr_page ocr_carea ocr_par ocr_line ocrx_word'/>
</head>
<body>
  <div class='ocr_page' id='page_1' title='image "./aburbeconditali03livyuoft_0021.png"; bbox 0 0 1811 2828; ppageno 0'>
   <div class='ocr_carea' id='block_1_1' title="bbox 615 94 1576 134">
    <p class='ocr_par' dir='ltr' id='par_1_1' title="bbox 615 94 1576 134">
     <span class='ocr_line' id='line_1_1' title="bbox 615 94 1576 134; baseline 0.006 -6"><span class='ocrx_word' id='word_1_1' title='bbox 615 94 741 128; x_wconf 88' lang='lat' dir='ltr'>LIBER</span> <span class='ocrx_word' id='word_1_2' title='bbox 768 94 820 129; x_wconf 84' lang='lat' dir='ltr'>vt.</span> <span class='ocrx_word' id='word_1_3' title='bbox 870 94 966 129; x_wconf 79' lang='lat' dir='ltr'>CAP.</span> <span class='ocrx_word' id='word_1_4' title='bbox 993 97 1024 129; x_wconf 90' lang='grc'>4.</span> <span class='ocrx_word' id='word_1_5' title='bbox 1051 98 1081 129; x_wconf 96' lang='lat'>5.</span> <span class='ocrx_word' id='word_1_6' title='bbox 1526 96 1576 134; x_wconf 83' lang='grc'>17</span> 
     </span>
    </p>
   </div>
   <div class='ocr_carea' id='block_1_2' title="bbox 65 106 1651 1423">
    <p class='ocr_par' dir='ltr' id='par_1_2' title="bbox 117 106 1627 324">
     <span class='ocr_line' id='line_1_2' title="bbox 118 106 368 135; baseline 0 -1"><span class='ocrx_word' id='word_1_7' title='bbox 118 113 146 135; x_wconf 90' lang='lat' dir='ltr'>a.</span> <span class='ocrx_word' id='word_1_8' title='bbox 167 106 234 134; x_wconf 82' lang='lat' dir='ltr'>Chr.</span> <span class='ocrx_word' id='word_1_9' title='bbox 257 114 286 135; x_wconf 91' lang='lat' dir='ltr'>n.</span> <span class='ocrx_word' id='word_1_10' title='bbox 306 107 368 134; x_wconf 84' lang='lat'>388.</span> 
     </span>
     <span class='ocr_line' id='line_1_3' title="bbox 118 211 1577 265; baseline 0 -12"><span class='ocrx_word' id='word_1_11' title='bbox 118 213 320 265; x_wconf 91' lang='lat' dir='ltr'>quintum,</span> <span class='ocrx_word' id='word_1_12' title='bbox 342 212 386 252; x_wconf 91' lang='lat' dir='ltr'>L.</span> <span class='ocrx_word' id='word_1_13' title='bbox 410 212 533 252; x_wconf 88' lang='lat' dir='ltr'>Iulius</span> <span class='ocrx_word' id='word_1_14' title='bbox 557 211 679 259; x_wconf 90' lang='lat' dir='ltr'>Iulus,</span> <span class='ocrx_word' id='word_1_15' title='bbox 702 212 746 251; x_wconf 90' lang='lat' dir='ltr'>L.</span> <span class='ocrx_word' id='word_1_16' title='bbox 768 211 950 263; x_wconf 86' lang='lat' dir='ltr'><strong>Aquilius</strong></span> <span class='ocrx_word' id='word_1_17' title='bbox 973 211 1136 260; x_wconf 82' lang='lat' dir='ltr'>Corvus,</span> <span class='ocrx_word' id='word_1_18' title='bbox 1159 212 1202 252; x_wconf 93' lang='lat' dir='ltr'>L.</span> <span class='ocrx_word' id='word_1_19' title='bbox 1223 213 1431 253; x_wconf 88' lang='lat' dir='ltr'>Lucretius</span> <span class='ocrx_word' id='word_1_20' title='bbox 1449 214 1577 253; x_wconf 83' lang='lat' dir='ltr'>Trici-</span> 
     </span>
     <span class='ocr_line' id='line_1_4' title="bbox 117 270 1627 324; baseline 0.001 -13"><span class='ocrx_word' id='word_1_21' title='bbox 117 271 283 324; x_wconf 87' lang='lat' dir='ltr'>pitinus,</span> <span class='ocrx_word' id='word_1_22' title='bbox 306 270 393 310; x_wconf 89' lang='lat' dir='ltr'>Ser.</span> <span class='ocrx_word' id='word_1_23' title='bbox 417 270 619 323; x_wconf 84' lang='lat' dir='ltr'>Sulpicius</span> <span class='ocrx_word' id='word_1_24' title='bbox 635 270 776 310; x_wconf 84' lang='lat' dir='ltr'>Rufus.</span> <span class='ocrx_word' id='word_1_25' title='bbox 819 270 1037 309; x_wconf 83' lang='lat' dir='ltr'>exercitum</span> <span class='ocrx_word' id='word_1_26' title='bbox 1061 271 1227 310; x_wconf 87' lang='lat' dir='ltr'>alterum</span> <span class='ocrx_word' id='word_1_27' title='bbox 1252 271 1293 310; x_wconf 91' lang='lat' dir='ltr'>in</span> <span class='ocrx_word' id='word_1_28' title='bbox 1313 272 1471 323; x_wconf 79' lang='lat' dir='ltr'>Aequos</span> <span class='ocrx_word' id='word_1_29' title='bbox 1495 285 1577 311; x_wconf 91' lang='lat' dir='ltr'>non</span> <span class='ocrx_word' id='word_1_30' title='bbox 1608 279 1627 312; x_wconf 84' lang='lat'>8</span> 
     </span>
    </p>

    <p class='ocr_par' dir='ltr' id='par_1_3' title="bbox 115 327 1649 1019">
     <span class='ocr_line' id='line_1_5' title="bbox 120 327 1577 380; baseline 0 -11"><span class='ocrx_word' id='word_1_31' title='bbox 120 329 167 369; x_wconf 92' lang='lat' dir='ltr'>ad</span> <span class='ocrx_word' id='word_1_32' title='bbox 200 328 349 368; x_wconf 90' lang='lat' dir='ltr'>bellum</span> <span class='ocrx_word' id='word_1_33' title='bbox 384 351 434 357; x_wconf 93' lang='lat'>—</span> <span class='ocrx_word' id='word_1_34' title='bbox 470 329 597 367; x_wconf 91' lang='lat' dir='ltr'>victos</span> <span class='ocrx_word' id='word_1_35' title='bbox 630 340 802 380; x_wconf 87' lang='lat' dir='ltr'>namque</span> <span class='ocrx_word' id='word_1_36' title='bbox 835 341 876 367; x_wconf 91' lang='lat' dir='ltr'>se</span> <span class='ocrx_word' id='word_1_37' title='bbox 899 327 1128 367; x_wconf 79' lang='lat' dir='ltr'>fatebantur</span> <span class='ocrx_word' id='word_1_38' title='bbox 1158 351 1213 357; x_wconf 83' lang='lat'>-—</span> <span class='ocrx_word' id='word_1_39' title='bbox 1246 329 1313 368; x_wconf 91' lang='lat' dir='ltr'>sed</span> <span class='ocrx_word' id='word_1_40' title='bbox 1337 329 1384 368; x_wconf 92' lang='lat' dir='ltr'>ab</span> <span class='ocrx_word' id='word_1_41' title='bbox 1407 329 1496 368; x_wconf 91' lang='lat' dir='ltr'>odio</span> <span class='ocrx_word' id='word_1_42' title='bbox 1529 330 1577 369; x_wconf 91' lang='lat' dir='ltr'>ad</span> 
     </span>
     <span class='ocr_line' id='line_1_6' title="bbox 117 385 1577 440; baseline 0 -14"><span class='ocrx_word' id='word_1_43' title='bbox 117 387 401 440; x_wconf 85' lang='lat' dir='ltr'>pervastandos</span> <span class='ocrx_word' id='word_1_44' title='bbox 422 386 535 434; x_wconf 88' lang='lat' dir='ltr'>fines,</span> <span class='ocrx_word' id='word_1_45' title='bbox 563 399 613 425; x_wconf 92' lang='lat' dir='ltr'>ne</span> <span class='ocrx_word' id='word_1_46' title='bbox 633 386 725 438; x_wconf 89' lang='lat' dir='ltr'>quid</span> <span class='ocrx_word' id='word_1_47' title='bbox 744 385 791 425; x_wconf 90' lang='lat' dir='ltr'>ad</span> <span class='ocrx_word' id='word_1_48' title='bbox 809 398 912 425; x_wconf 81' lang='lat' dir='ltr'>nova</span> <span class='ocrx_word' id='word_1_49' title='bbox 929 386 1095 425; x_wconf 87' lang='lat' dir='ltr'>consilia</span> <span class='ocrx_word' id='word_1_50' title='bbox 1111 385 1408 438; x_wconf 81' lang='lat' dir='ltr'>relinqueretur</span> <span class='ocrx_word' id='word_1_51' title='bbox 1425 387 1577 434; x_wconf 72' lang='lat' dir='ltr'>virium,</span> 
     </span>
     <span class='ocr_line' id='line_1_7' title="bbox 117 443 1630 497; baseline 0 -12"><span class='ocrx_word' id='word_1_52' title='bbox 117 445 281 492; x_wconf 81' lang='lat' dir='ltr'>duxere,</span> <span class='ocrx_word' id='word_1_53' title='bbox 313 444 480 484; x_wconf 88' lang='lat' dir='ltr'>alterum</span> <span class='ocrx_word' id='word_1_54' title='bbox 509 444 548 483; x_wconf 90' lang='lat' dir='ltr'>in</span> <span class='ocrx_word' id='word_1_55' title='bbox 571 456 709 495; x_wconf 84' lang='lat' dir='ltr'>agrum</span> <span class='ocrx_word' id='word_1_56' title='bbox 733 443 1081 495; x_wconf 80' lang='lat' dir='ltr'>Tarquiniensem.</span> <span class='ocrx_word' id='word_1_57' title='bbox 1143 444 1196 483; x_wconf 87' lang='lat' dir='ltr'>ibi</span> <span class='ocrx_word' id='word_1_58' title='bbox 1225 444 1370 497; x_wconf 88' lang='lat' dir='ltr'>oppida</span> <span class='ocrx_word' id='word_1_59' title='bbox 1393 444 1581 485; x_wconf 86' lang='lat' dir='ltr'>Etrusco·</span> <span class='ocrx_word' id='word_1_60' title='bbox 1611 452 1630 485; x_wconf 89' lang='grc'>9</span> 
     </span>
     <span class='ocr_line' id='line_1_8' title="bbox 116 501 1578 553; baseline 0 -11"><span class='ocrx_word' id='word_1_61' title='bbox 116 515 207 542; x_wconf 89' lang='lat' dir='ltr'>rum</span> <span class='ocrx_word' id='word_1_62' title='bbox 229 501 422 542; x_wconf 87' lang='lat' dir='ltr'>Cortuosa</span> <span class='ocrx_word' id='word_1_63' title='bbox 453 509 490 542; x_wconf 88' lang='lat' dir='ltr'>et</span> <span class='ocrx_word' id='word_1_64' title='bbox 514 501 769 542; x_wconf 81' lang='lat' dir='ltr'>Contenebra</span> <span class='ocrx_word' id='word_1_65' title='bbox 799 502 834 541; x_wconf 79' lang='lat' dir='ltr'>vi</span> <span class='ocrx_word' id='word_1_66' title='bbox 858 508 984 553; x_wconf 84' lang='lat' dir='ltr'>capta.</span> <span class='ocrx_word' id='word_1_67' title='bbox 1047 502 1093 541; x_wconf 92' lang='lat' dir='ltr'>ad</span> <span class='ocrx_word' id='word_1_68' title='bbox 1118 501 1349 542; x_wconf 79' lang='lat' dir='ltr'><strong>Cortuosam</strong></span> <span class='ocrx_word' id='word_1_69' title='bbox 1374 502 1471 541; x_wconf 82' lang='lat' dir='ltr'>nihil</span> <span class='ocrx_word' id='word_1_70' title='bbox 1493 516 1578 542; x_wconf 86' lang='lat' dir='ltr'>cer-</span> 
     </span>
     <span class='ocr_line' id='line_1_9' title="bbox 115 559 1577 612; baseline -0.001 -12"><span class='ocrx_word' id='word_1_71' title='bbox 115 560 277 600; x_wconf 88' lang='lat' dir='ltr'>taminis</span> <span class='ocrx_word' id='word_1_72' title='bbox 292 560 386 600; x_wconf 89' lang='lat' dir='ltr'>fuit:</span> <span class='ocrx_word' id='word_1_73' title='bbox 404 559 608 612; x_wconf 87' lang='lat' dir='ltr'>inproviso</span> <span class='ocrx_word' id='word_1_74' title='bbox 626 560 753 600; x_wconf 86' lang='lat' dir='ltr'>adorti</span> <span class='ocrx_word' id='word_1_75' title='bbox 770 560 901 612; x_wconf 90' lang='lat' dir='ltr'>primo</span> <span class='ocrx_word' id='word_1_76' title='bbox 919 560 1093 599; x_wconf 88' lang='lat' dir='ltr'>clamore</span> <span class='ocrx_word' id='word_1_77' title='bbox 1111 566 1229 612; x_wconf 90' lang='lat' dir='ltr'>atque</span> <span class='ocrx_word' id='word_1_78' title='bbox 1247 560 1396 612; x_wconf 90' lang='lat' dir='ltr'>impetu</span> <span class='ocrx_word' id='word_1_79' title='bbox 1415 573 1577 612; x_wconf 90' lang='lat' dir='ltr'>cepere;</span> 
     </span>
     <span class='ocr_line' id='line_1_10' title="bbox 117 617 1649 670; baseline -0.001 -12"><span class='ocrx_word' id='word_1_80' title='bbox 117 619 317 670; x_wconf 83' lang='lat' dir='ltr'>direptum</span> <span class='ocrx_word' id='word_1_81' title='bbox 341 618 533 670; x_wconf 87' lang='lat' dir='ltr'>oppidum</span> <span class='ocrx_word' id='word_1_82' title='bbox 557 626 676 670; x_wconf 90' lang='lat' dir='ltr'>atque</span> <span class='ocrx_word' id='word_1_83' title='bbox 699 618 909 657; x_wconf 90' lang='lat' dir='ltr'>incensum</span> <span class='ocrx_word' id='word_1_84' title='bbox 933 623 1004 657; x_wconf 82' lang='lat' dir='ltr'>est.</span> <span class='ocrx_word' id='word_1_85' title='bbox 1047 617 1302 657; x_wconf 81' lang='lat' dir='ltr'>Contenebra</span> <span class='ocrx_word' id='word_1_86' title='bbox 1329 631 1477 670; x_wconf 86' lang='lat' dir='ltr'>paucos</span> <span class='ocrx_word' id='word_1_87' title='bbox 1498 619 1581 658; x_wconf 88' lang='lat' dir='ltr'>dies</span> <span class='ocrx_word' id='word_1_88' title='bbox 1613 624 1649 656; x_wconf 85' lang='lat'>10</span> 
     </span>
     <span class='ocr_line' id='line_1_11' title="bbox 117 675 1580 728; baseline 0 -13"><span class='ocrx_word' id='word_1_89' title='bbox 117 677 461 728; x_wconf 83' lang='lat' dir='ltr'>oppugnationem</span> <span class='ocrx_word' id='word_1_90' title='bbox 479 676 684 723; x_wconf 72' lang='lat' dir='ltr'>sustinuit,</span> <span class='ocrx_word' id='word_1_91' title='bbox 702 675 894 728; x_wconf 81' lang='lat' dir='ltr'>laborque</span> <span class='ocrx_word' id='word_1_92' title='bbox 912 676 1144 722; x_wconf 82' lang='lat' dir='ltr'>continuus,</span> <span class='ocrx_word' id='word_1_93' title='bbox 1164 689 1245 715; x_wconf 89' lang='lat' dir='ltr'>non</span> <span class='ocrx_word' id='word_1_94' title='bbox 1265 676 1340 723; x_wconf 90' lang='lat' dir='ltr'>die,</span> <span class='ocrx_word' id='word_1_95' title='bbox 1362 689 1442 715; x_wconf 89' lang='lat' dir='ltr'>non</span> <span class='ocrx_word' id='word_1_96' title='bbox 1462 683 1580 716; x_wconf 88' lang='lat' dir='ltr'>nocte</span> 
     </span>
     <span class='ocr_line' id='line_1_12' title="bbox 116 734 1580 787; baseline -0.001 -13"><span class='ocrx_word' id='word_1_97' title='bbox 116 734 321 782; x_wconf 85' lang='lat' dir='ltr'>remissus,</span> <span class='ocrx_word' id='word_1_98' title='bbox 353 734 510 787; x_wconf 84' lang='lat' dir='ltr'>subegit</span> <span class='ocrx_word' id='word_1_99' title='bbox 532 747 613 774; x_wconf 89' lang='lat' dir='ltr'>eos.</span> <span class='ocrx_word' id='word_1_100' title='bbox 675 746 764 774; x_wconf 88' lang='lat' dir='ltr'>cum</span> <span class='ocrx_word' id='word_1_101' title='bbox 789 734 829 773; x_wconf 93' lang='lat' dir='ltr'>in</span> <span class='ocrx_word' id='word_1_102' title='bbox 853 747 919 773; x_wconf 80' lang='lat' dir='ltr'>sex</span> <span class='ocrx_word' id='word_1_103' title='bbox 956 740 1090 786; x_wconf 88' lang='lat' dir='ltr'>partes</span> <span class='ocrx_word' id='word_1_104' title='bbox 1112 734 1258 774; x_wconf 80' lang='lat' dir='ltr'>divisus</span> <span class='ocrx_word' id='word_1_105' title='bbox 1280 735 1478 774; x_wconf 77' lang='lat' dir='ltr'>exerc-itus</span> <span class='ocrx_word' id='word_1_106' title='bbox 1500 734 1580 773; x_wconf 83' lang='lat' dir='ltr'>Ro-</span> 
     </span>
     <span class='ocr_line' id='line_1_13' title="bbox 117 792 1579 844; baseline 0 -12"><span class='ocrx_word' id='word_1_107' title='bbox 117 805 264 832; x_wconf 88' lang='lat' dir='ltr'>manus</span> <span class='ocrx_word' id='word_1_108' title='bbox 285 792 394 832; x_wconf 86' lang='lat' dir='ltr'>senis</span> <span class='ocrx_word' id='word_1_109' title='bbox 424 792 535 832; x_wconf 89' lang='lat' dir='ltr'>horis</span> <span class='ocrx_word' id='word_1_110' title='bbox 557 792 597 831; x_wconf 92' lang='lat' dir='ltr'>in</span> <span class='ocrx_word' id='word_1_111' title='bbox 632 792 770 832; x_wconf 87' lang='lat' dir='ltr'>orbem</span> <span class='ocrx_word' id='word_1_112' title='bbox 794 793 1026 832; x_wconf 79' lang='lat' dir='ltr'>succederet</span> <span class='ocrx_word' id='word_1_113' title='bbox 1048 792 1214 843; x_wconf 87' lang='lat' dir='ltr'>proelio,</span> <span class='ocrx_word' id='word_1_114' title='bbox 1249 792 1470 844; x_wconf 84' lang='lat' dir='ltr'>oppidanos</span> <span class='ocrx_word' id='word_1_115' title='bbox 1492 805 1579 832; x_wconf 90' lang='lat' dir='ltr'>eos-</span> 
     </span>
     <span class='ocr_line' id='line_1_14' title="bbox 115 849 1580 903; baseline -0.001 -13"><span class='ocrx_word' id='word_1_116' title='bbox 115 852 206 891; x_wconf 88' lang='lat' dir='ltr'>dem</span> <span class='ocrx_word' id='word_1_117' title='bbox 230 851 388 901; x_wconf 87' lang='lat' dir='ltr'>integro</span> <span class='ocrx_word' id='word_1_118' title='bbox 419 862 579 903; x_wconf 91' lang='lat' dir='ltr'>semper</span> <span class='ocrx_word' id='word_1_119' title='bbox 609 850 820 889; x_wconf 84' lang='lat' dir='ltr'>certamini</span> <span class='ocrx_word' id='word_1_120' title='bbox 842 850 1021 902; x_wconf 87' lang='lat' dir='ltr'>paucitas</span> <span class='ocrx_word' id='word_1_121' title='bbox 1044 851 1170 890; x_wconf 84' lang='lat' dir='ltr'>fessos</span> <span class='ocrx_word' id='word_1_122' title='bbox 1202 849 1391 895; x_wconf 87' lang='lat' dir='ltr'>obiceret,</span> <span class='ocrx_word' id='word_1_123' title='bbox 1425 863 1580 890; x_wconf 72' lang='lat' dir='ltr'>cessere</span> 
     </span>
     <span class='ocr_line' id='line_1_15' title="bbox 116 907 1648 960; baseline -0.001 -12"><span class='ocrx_word' id='word_1_124' title='bbox 116 909 290 955; x_wconf 88' lang='lat' dir='ltr'>tandem,</span> <span class='ocrx_word' id='word_1_125' title='bbox 312 908 506 960; x_wconf 90' lang='lat' dir='ltr'>locusque</span> <span class='ocrx_word' id='word_1_126' title='bbox 528 907 737 947; x_wconf 86' lang='lat' dir='ltr'>invadendi</span> <span class='ocrx_word' id='word_1_127' title='bbox 759 907 902 947; x_wconf 90' lang='lat' dir='ltr'>urbem</span> <span class='ocrx_word' id='word_1_128' title='bbox 920 908 1111 947; x_wconf 80' lang='lat' dir='ltr'>Romanis</span> <span class='ocrx_word' id='word_1_129' title='bbox 1133 908 1246 947; x_wconf 87' lang='lat' dir='ltr'>datus</span> <span class='ocrx_word' id='word_1_130' title='bbox 1269 916 1339 947; x_wconf 88' lang='lat' dir='ltr'>est.</span> <span class='ocrx_word' id='word_1_131' title='bbox 1383 908 1580 960; x_wconf 84' lang='lat' dir='ltr'>publicari</span> <span class='ocrx_word' id='word_1_132' title='bbox 1613 912 1648 946; x_wconf 88' lang='grc'>11</span> 
     </span>
     <span class='ocr_line' id='line_1_16' title="bbox 115 965 1580 1019; baseline -0.001 -13"><span class='ocrx_word' id='word_1_133' title='bbox 115 965 303 1019; x_wconf 88' lang='lat' dir='ltr'>praedam</span> <span class='ocrx_word' id='word_1_134' title='bbox 318 965 493 1006; x_wconf 89' lang='lat' dir='ltr'>tribunis</span> <span class='ocrx_word' id='word_1_135' title='bbox 508 966 710 1018; x_wconf 90' lang='lat' dir='ltr'>placebat;</span> <span class='ocrx_word' id='word_1_136' title='bbox 732 966 800 1005; x_wconf 91' lang='lat' dir='ltr'>sed</span> <span class='ocrx_word' id='word_1_137' title='bbox 819 966 1030 1018; x_wconf 90' lang='lat' dir='ltr'>imperium</span> <span class='ocrx_word' id='word_1_138' title='bbox 1049 978 1166 1017; x_wconf 91' lang='lat' dir='ltr'>quam</span> <span class='ocrx_word' id='word_1_139' title='bbox 1185 965 1395 1006; x_wconf 87' lang='lat' dir='ltr'>consilium</span> <span class='ocrx_word' id='word_1_140' title='bbox 1418 967 1580 1018; x_wconf 79' lang='lat' dir='ltr'>segnius</span> 
     </span>
    </p>

    <p class='ocr_par' dir='ltr' id='par_1_4' title="bbox 65 1023 1580 1134">
     <span class='ocr_line' id='line_1_17' title="bbox 65 1023 1580 1082; baseline -0.001 -18"><span class='ocrx_word' id='word_1_141' title='bbox 65 1061 67 1063; x_wconf 93' lang='lat'>.</span> <span class='ocrx_word' id='word_1_142' title='bbox 115 1024 209 1064; x_wconf 86' lang='lat' dir='ltr'>fuit:</span> <span class='ocrx_word' id='word_1_143' title='bbox 232 1023 328 1082; x_wconf 61' lang='lat' dir='ltr'>dum</span> <span class='ocrx_word' id='word_1_144' title='bbox 349 1030 605 1071; x_wconf 80' lang='lat' dir='ltr'>cunctantur,</span> <span class='ocrx_word' id='word_1_145' title='bbox 627 1024 703 1063; x_wconf 86' lang='lat' dir='ltr'>iam</span> <span class='ocrx_word' id='word_1_146' title='bbox 726 1023 894 1063; x_wconf 88' lang='lat' dir='ltr'>militum</span> <span class='ocrx_word' id='word_1_147' title='bbox 918 1024 1064 1076; x_wconf 90' lang='lat' dir='ltr'>praeda</span> <span class='ocrx_word' id='word_1_148' title='bbox 1087 1031 1172 1063; x_wconf 91' lang='lat' dir='ltr'>erat</span> <span class='ocrx_word' id='word_1_149' title='bbox 1194 1036 1270 1063; x_wconf 91' lang='lat' dir='ltr'>nec</span> <span class='ocrx_word' id='word_1_150' title='bbox 1293 1024 1368 1063; x_wconf 93' lang='lat' dir='ltr'>nisi</span> <span class='ocrx_word' id='word_1_151' title='bbox 1392 1037 1462 1075; x_wconf 86' lang='lat' dir='ltr'>per</span> <span class='ocrx_word' id='word_1_152' title='bbox 1480 1025 1580 1063; x_wconf 79' lang='lat' dir='ltr'>invi-</span> 
     </span>
     <span class='ocr_line' id='line_1_18' title="bbox 115 1081 551 1134; baseline 0 -13"><span class='ocrx_word' id='word_1_153' title='bbox 115 1082 217 1121; x_wconf 83' lang='lat' dir='ltr'>diam</span> <span class='ocrx_word' id='word_1_154' title='bbox 241 1081 361 1121; x_wconf 86' lang='lat' dir='ltr'>adimi</span> <span class='ocrx_word' id='word_1_155' title='bbox 382 1088 551 1134; x_wconf 89' lang='lat' dir='ltr'>poterat.</span> 
     </span>
    </p>

    <p class='ocr_par' dir='ltr' id='par_1_5' title="bbox 91 1138 1651 1423">
     <span class='ocr_line' id='line_1_19' title="bbox 231 1138 1651 1192; baseline -0.001 -13"><span class='ocrx_word' id='word_1_156' title='bbox 231 1139 380 1179; x_wconf 89' lang='lat' dir='ltr'>Eodem</span> <span class='ocrx_word' id='word_1_157' title='bbox 412 1151 533 1187; x_wconf 86' lang='lat' dir='ltr'>anno,</span> <span class='ocrx_word' id='word_1_158' title='bbox 567 1152 618 1179; x_wconf 93' lang='lat' dir='ltr'>ne</span> <span class='ocrx_word' id='word_1_159' title='bbox 649 1139 811 1192; x_wconf 85' lang='lat' dir='ltr'>privatis</span> <span class='ocrx_word' id='word_1_160' title='bbox 841 1146 994 1179; x_wconf 87' lang='lat' dir='ltr'>tantum</span> <span class='ocrx_word' id='word_1_161' title='bbox 1018 1139 1207 1192; x_wconf 87' lang='lat' dir='ltr'>operibus</span> <span class='ocrx_word' id='word_1_162' title='bbox 1241 1145 1441 1179; x_wconf 82' lang='lat' dir='ltr'>cresceret</span> <span class='ocrx_word' id='word_1_163' title='bbox 1472 1138 1581 1187; x_wconf 77' lang='lat' dir='ltr'>urbs,</span> <span class='ocrx_word' id='word_1_164' title='bbox 1614 1143 1651 1176; x_wconf 82' lang='grc'>12</span> 
     </span>
     <span class='ocr_line' id='line_1_20' title="bbox 116 1197 1580 1250; baseline -0.001 -13"><span class='ocrx_word' id='word_1_165' title='bbox 116 1197 354 1250; x_wconf 89' lang='lat' dir='ltr'>Capitolium</span> <span class='ocrx_word' id='word_1_166' title='bbox 386 1210 547 1249; x_wconf 87' lang='lat' dir='ltr'>quoque</span> <span class='ocrx_word' id='word_1_167' title='bbox 578 1209 672 1237; x_wconf 78' lang='lat' dir='ltr'>saxo</span> <span class='ocrx_word' id='word_1_168' title='bbox 705 1197 898 1249; x_wconf 90' lang='lat' dir='ltr'>quadrato</span> <span class='ocrx_word' id='word_1_169' title='bbox 930 1197 1201 1237; x_wconf 86' lang='lat' dir='ltr'>substructum</span> <span class='ocrx_word' id='word_1_170' title='bbox 1234 1205 1304 1245; x_wconf 90' lang='lat' dir='ltr'>est,</span> <span class='ocrx_word' id='word_1_171' title='bbox 1338 1210 1438 1248; x_wconf 88' lang='lat' dir='ltr'>opus</span> <span class='ocrx_word' id='word_1_172' title='bbox 1459 1197 1518 1236; x_wconf 72' lang='lat' dir='ltr'>vel</span> <span class='ocrx_word' id='word_1_173' title='bbox 1540 1197 1580 1236; x_wconf 92' lang='lat' dir='ltr'>in</span> 
     </span>
     <span class='ocr_line' id='line_1_21' title="bbox 115 1255 1038 1308; baseline -0.001 -13"><span class='ocrx_word' id='word_1_174' title='bbox 115 1255 189 1295; x_wconf 91' lang='lat' dir='ltr'>hac</span> <span class='ocrx_word' id='word_1_175' title='bbox 220 1255 519 1308; x_wconf 86' lang='lat' dir='ltr'>magnificentia</span> <span class='ocrx_word' id='word_1_176' title='bbox 550 1255 662 1296; x_wconf 88' lang='lat' dir='ltr'>urbis</span> <span class='ocrx_word' id='word_1_177' title='bbox 693 1255 1038 1307; x_wconf 89' lang='lat' dir='ltr'>conspiciendum.</span> 
     </span>
     <span class='ocr_line' id='line_1_22' title="bbox 91 1312 1627 1366; baseline -0.001 -14"><span class='ocrx_word' id='word_1_178' title='bbox 91 1358 94 1359; x_wconf 15' lang='lat'><em>⁷</em></span> <span class='ocrx_word' id='word_1_179' title='bbox 232 1313 314 1352; x_wconf 92' lang='lat' dir='ltr'>lam</span> <span class='ocrx_word' id='word_1_180' title='bbox 336 1321 375 1352; x_wconf 92' lang='lat' dir='ltr'>et</span> <span class='ocrx_word' id='word_1_181' title='bbox 395 1313 549 1353; x_wconf 91' lang='lat' dir='ltr'>tribuni</span> <span class='ocrx_word' id='word_1_182' title='bbox 571 1312 700 1366; x_wconf 89' lang='lat' dir='ltr'>plebis</span> <span class='ocrx_word' id='word_1_183' title='bbox 717 1313 871 1352; x_wconf 80' lang='lat' dir='ltr'>civitate</span> <span class='ocrx_word' id='word_1_184' title='bbox 889 1313 1135 1353; x_wconf 85' lang='lat' dir='ltr'>aedificando</span> <span class='ocrx_word' id='word_1_185' title='bbox 1153 1320 1346 1365; x_wconf 86' lang='lat' dir='ltr'>occupata</span> <span class='ocrx_word' id='word_1_186' title='bbox 1368 1312 1580 1352; x_wconf 86' lang='lat' dir='ltr'>contiones</span> <span class='ocrx_word' id='word_1_187' title='bbox 1604 1314 1627 1350; x_wconf 80' lang='lat'>5</span> 
     </span>
     <span class='ocr_line' id='line_1_23' title="bbox 115 1369 1632 1423; baseline -0.002 -13"><span class='ocrx_word' id='word_1_188' title='bbox 115 1383 208 1411; x_wconf 91' lang='lat' dir='ltr'>suas</span> <span class='ocrx_word' id='word_1_189' title='bbox 228 1372 486 1423; x_wconf 87' lang='lat' dir='ltr'>frequentare</span> <span class='ocrx_word' id='word_1_190' title='bbox 517 1370 673 1423; x_wconf 84' lang='lat' dir='ltr'>legibus</span> <span class='ocrx_word' id='word_1_191' title='bbox 705 1371 869 1423; x_wconf 86' lang='lat' dir='ltr'>agrariis</span> <span class='ocrx_word' id='word_1_192' title='bbox 906 1372 1171 1411; x_wconf 88' lang='lat' dir='ltr'>conabantur.</span> <span class='ocrx_word' id='word_1_193' title='bbox 1234 1369 1509 1411; x_wconf 83' lang='lat' dir='ltr'>ostentabatur</span> <span class='ocrx_word' id='word_1_194' title='bbox 1541 1371 1581 1409; x_wconf 88' lang='lat' dir='ltr'>in</span> <span class='ocrx_word' id='word_1_195' title='bbox 1614 1374 1632 1406; x_wconf 85' lang='lat'>2</span> 
     </span>
    </p>
   </div>
   <div class='ocr_carea' id='block_1_3' title="bbox 116 1483 815 1573">
    <p class='ocr_par' dir='ltr' id='par_1_6' title="bbox 116 1483 815 1573">
     <span class='ocr_line' id='line_1_24' title="bbox 116 1483 813 1528; baseline 0 -11"><span class='ocrx_word' id='word_1_196' title='bbox 116 1485 222 1526; x_wconf 79' lang='lat' dir='ltr'>lius]*</span> <span class='ocrx_word' id='word_1_197' title='bbox 235 1503 281 1508; x_wconf 87' lang='lat'>—-</span> <span class='ocrx_word' id='word_1_198' title='bbox 293 1484 479 1527; x_wconf 80' lang='lat' dir='ltr'>Aquilius]</span> <span class='ocrx_word' id='word_1_199' title='bbox 498 1483 552 1517; x_wconf 89' lang='lat' dir='ltr'>die</span> <span class='ocrx_word' id='word_1_200' title='bbox 567 1484 724 1528; x_wconf 82' lang='lat' dir='ltr'>Aquilier</span> <span class='ocrx_word' id='word_1_201' title='bbox 737 1484 813 1517; x_wconf 90' lang='lat' dir='ltr'>sind</span> 
     </span>
     <span class='ocr_line' id='line_1_25' title="bbox 116 1529 815 1573; baseline 0 -9"><span class='ocrx_word' id='word_1_202' title='bbox 116 1531 150 1564; x_wconf 89' lang='lat' dir='ltr'>in</span> <span class='ocrx_word' id='word_1_203' title='bbox 183 1530 296 1564; x_wconf 86' lang='lat' dir='ltr'>dieser</span> <span class='ocrx_word' id='word_1_204' title='bbox 325 1531 400 1564; x_wconf 88' lang='lat' dir='ltr'>Zeit</span> <span class='ocrx_word' id='word_1_205' title='bbox 432 1529 598 1564; x_wconf 81' lang='lat' dir='ltr'>Patricier</span> <span class='ocrx_word' id='word_1_206' title='bbox 631 1532 675 1569; x_wconf 89' lang='grc'>(5.</span> <span class='ocrx_word' id='word_1_207' title='bbox 701 1531 732 1569; x_wconf 82' lang='grc'>2,</span> <span class='ocrx_word' id='word_1_208' title='bbox 758 1533 815 1573; x_wconf 83' lang='grc'>40,</span> 
     </span>
    </p>
   </div>
   <div class='ocr_carea' id='block_1_4' title="bbox 887 1485 1582 1572">
    <p class='ocr_par' dir='ltr' id='par_1_7' title="bbox 887 1485 1582 1572">
     <span class='ocr_line' id='line_1_26' title="bbox 934 1485 1582 1527; baseline -0.002 -9"><span class='ocrx_word' id='word_1_209' title='bbox 934 1487 985 1518; x_wconf 87' lang='grc'>11.</span> <span class='ocrx_word' id='word_1_210' title='bbox 1013 1485 1098 1517; x_wconf 73' lang='lat' dir='ltr'>dum</span> <span class='ocrx_word' id='word_1_211' title='bbox 1121 1509 1128 1517; x_wconf 88' lang='lat'><strong>.</strong></span> <span class='ocrx_word' id='word_1_212' title='bbox 1144 1510 1151 1517; x_wconf 88' lang='lat'>.</span> <span class='ocrx_word' id='word_1_213' title='bbox 1170 1486 1261 1525; x_wconf 78' lang='lat' dir='ltr'>erat]</span> <span class='ocrx_word' id='word_1_214' title='bbox 1288 1494 1314 1518; x_wconf 87' lang='grc'>5.</span> <span class='ocrx_word' id='word_1_215' title='bbox 1341 1485 1396 1527; x_wconf 86' lang='grc'>21,</span> <span class='ocrx_word' id='word_1_216' title='bbox 1412 1487 1442 1525; x_wconf 77' lang='lat'>7,</span> <span class='ocrx_word' id='word_1_217' title='bbox 1462 1487 1494 1523; x_wconf 86' lang='lat'>1;</span> <span class='ocrx_word' id='word_1_218' title='bbox 1522 1495 1582 1517; x_wconf 90' lang='lat' dir='ltr'>zur</span> 
     </span>
     <span class='ocr_line' id='line_1_27' title="bbox 887 1529 1249 1572; baseline 0 -9"><span class='ocrx_word' id='word_1_219' title='bbox 887 1529 997 1564; x_wconf 89' lang='lat' dir='ltr'>Sache</span> <span class='ocrx_word' id='word_1_220' title='bbox 1024 1541 1050 1563; x_wconf 90' lang='grc'>5.</span> <span class='ocrx_word' id='word_1_221' title='bbox 1078 1531 1179 1572; x_wconf 82' lang='grc' dir='ltr'>3,ῖο,</span> <span class='ocrx_word' id='word_1_222' title='bbox 1197 1532 1249 1564; x_wconf 90' lang='grc'>12.</span> 
     </span>
    </p>
   </div>
   <div class='ocr_carea' id='block_1_5' title="bbox 116 1576 817 2632">
    <p class='ocr_par' dir='ltr' id='par_1_8' title="bbox 120 1576 744 1620">
     <span class='ocr_line' id='line_1_28' title="bbox 120 1576 744 1620; baseline -0.003 -9"><span class='ocrx_word' id='word_1_223' title='bbox 120 1579 192 1619; x_wconf 85' lang='grc'>14),</span> <span class='ocrx_word' id='word_1_224' title='bbox 222 1578 340 1620; x_wconf 75' lang='lat' dir='ltr'>spater</span> <span class='ocrx_word' id='word_1_225' title='bbox 365 1576 534 1619; x_wconf 84' lang='lat' dir='ltr'>Plebejer.</span> <span class='ocrx_word' id='word_1_226' title='bbox 561 1596 604 1600; x_wconf 87' lang='lat'>——</span> <span class='ocrx_word' id='word_1_227' title='bbox 632 1576 744 1618; x_wconf 57' lang='lat' dir='ltr'>sepul*</span> 
     </span>
    </p>

    <p class='ocr_par' dir='ltr' id='par_1_9' title="bbox 116 1621 817 2173">
     <span class='ocr_line' id='line_1_29' title="bbox 164 1621 815 1664; baseline -0.005 -7"><span class='ocrx_word' id='word_1_228' title='bbox 164 1625 195 1657; x_wconf 88' lang='grc'>8.</span> <span class='ocrx_word' id='word_1_229' title='bbox 218 1623 454 1664; x_wconf 49' lang='lat' dir='ltr'>emer-citum?</span> <span class='ocrx_word' id='word_1_230' title='bbox 471 1643 512 1646; x_wconf 97' lang='lat'><strong>—</strong></span> <span class='ocrx_word' id='word_1_231' title='bbox 536 1625 648 1655; x_wconf 74' lang='lat' dir='ltr'>victos</span> <span class='ocrx_word' id='word_1_232' title='bbox 673 1634 710 1654; x_wconf 77' lang='lat' dir='ltr'>se</span> <span class='ocrx_word' id='word_1_233' title='bbox 723 1621 815 1662; x_wconf 80' lang='lat' dir='ltr'>fate-</span> 
     </span>
     <span class='ocr_line' id='line_1_30' title="bbox 116 1669 817 1710; baseline -0.003 -8"><span class='ocrx_word' id='word_1_234' title='bbox 116 1670 264 1710; x_wconf 79' lang='lat' dir='ltr'>bantur]</span> <span class='ocrx_word' id='word_1_235' title='bbox 288 1669 379 1702; x_wconf 85' lang='lat' dir='ltr'>ohne</span> <span class='ocrx_word' id='word_1_236' title='bbox 404 1680 494 1707; x_wconf 82' lang='lat' dir='ltr'>esse;</span> <span class='ocrx_word' id='word_1_237' title='bbox 521 1679 548 1702; x_wconf 90' lang='lat' dir='ltr'>s.</span> <span class='ocrx_word' id='word_1_238' title='bbox 568 1670 670 1709; x_wconf 75' lang='grc'>3,19,</span> <span class='ocrx_word' id='word_1_239' title='bbox 689 1670 726 1701; x_wconf 82' lang='lat'>6:</span> <span class='ocrx_word' id='word_1_240' title='bbox 756 1670 817 1701; x_wconf 83' lang='grc' dir='ltr'><em>Ιιο-</em></span> 
     </span>
     <span class='ocr_line' id='line_1_31' title="bbox 117 1713 816 1757; baseline -0.001 -9"><span class='ocrx_word' id='word_1_241' title='bbox 117 1718 205 1748; x_wconf 76' lang='lat' dir='ltr'>stem</span> <span class='ocrx_word' id='word_1_242' title='bbox 230 1726 267 1747; x_wconf 79' lang='lat' dir='ltr'>se</span> <span class='ocrx_word' id='word_1_243' title='bbox 291 1713 458 1754; x_wconf 78' lang='lat' dir='ltr'>fatendo;</span> <span class='ocrx_word' id='word_1_244' title='bbox 485 1715 555 1757; x_wconf 82' lang='lat' dir='ltr'>vgl.</span> <span class='ocrx_word' id='word_1_245' title='bbox 575 1715 606 1751; x_wconf 84' lang='lat'>6.</span> <span class='ocrx_word' id='word_1_246' title='bbox 622 1716 677 1755; x_wconf 88' lang='grc'>36,</span> <span class='ocrx_word' id='word_1_247' title='bbox 693 1718 730 1757; x_wconf 55' lang='lat'>75</span> <span class='ocrx_word' id='word_1_248' title='bbox 758 1715 816 1748; x_wconf 91' lang='lat' dir='ltr'>der</span> 
     </span>
     <span class='ocr_line' id='line_1_32' title="bbox 118 1760 816 1805; baseline 0.003 -13"><span class='ocrx_word' id='word_1_249' title='bbox 118 1760 211 1795; x_wconf 89' lang='lat' dir='ltr'>volle</span> <span class='ocrx_word' id='word_1_250' title='bbox 228 1760 411 1794; x_wconf 87' lang='lat' dir='ltr'>Ausdruck</span> <span class='ocrx_word' id='word_1_251' title='bbox 430 1763 461 1798; x_wconf 80' lang='lat'>4.</span> <span class='ocrx_word' id='word_1_252' title='bbox 479 1763 531 1799; x_wconf 73' lang='grc'>10,</span> <span class='ocrx_word' id='word_1_253' title='bbox 549 1762 579 1794; x_wconf 91' lang='grc'>3.</span> <span class='ocrx_word' id='word_1_254' title='bbox 618 1760 679 1793; x_wconf 91' lang='lat' dir='ltr'>Die</span> <span class='ocrx_word' id='word_1_255' title='bbox 698 1760 816 1805; x_wconf 82' lang='lat' dir='ltr'>Aquer</span> 
     </span>
     <span class='ocr_line' id='line_1_33' title="bbox 118 1806 815 1849; baseline -0.001 -8"><span class='ocrx_word' id='word_1_256' title='bbox 118 1807 320 1841; x_wconf 88' lang='lat' dir='ltr'>erscheinen</span> <span class='ocrx_word' id='word_1_257' title='bbox 351 1812 421 1840; x_wconf 86' lang='lat' dir='ltr'>erst</span> <span class='ocrx_word' id='word_1_258' title='bbox 447 1808 479 1849; x_wconf 88' lang='grc'>9,</span> <span class='ocrx_word' id='word_1_259' title='bbox 493 1808 547 1849; x_wconf 84' lang='lat'>45,</span> <span class='ocrx_word' id='word_1_260' title='bbox 563 1809 582 1841; x_wconf 89' lang='lat'>5</span> <span class='ocrx_word' id='word_1_261' title='bbox 616 1806 745 1840; x_wconf 86' lang='lat' dir='ltr'>wieder</span> <span class='ocrx_word' id='word_1_262' title='bbox 770 1807 815 1840; x_wconf 90' lang='lat' dir='ltr'>im</span> 
     </span>
     <span class='ocr_line' id='line_1_34' title="bbox 119 1852 814 1897; baseline 0 -9"><span class='ocrx_word' id='word_1_263' title='bbox 119 1852 263 1897; x_wconf 83' lang='lat' dir='ltr'>Kampfe</span> <span class='ocrx_word' id='word_1_264' title='bbox 282 1853 345 1886; x_wconf 83' lang='lat' dir='ltr'>mit</span> <span class='ocrx_word' id='word_1_265' title='bbox 362 1852 460 1886; x_wconf 88' lang='lat' dir='ltr'>Rom.</span> <span class='ocrx_word' id='word_1_266' title='bbox 488 1873 530 1878; x_wconf 96' lang='lat'>—</span> <span class='ocrx_word' id='word_1_267' title='bbox 556 1854 599 1886; x_wconf 85' lang='lat' dir='ltr'>ab</span> <span class='ocrx_word' id='word_1_268' title='bbox 619 1853 715 1894; x_wconf 83' lang='lat' dir='ltr'>odio]</span> <span class='ocrx_word' id='word_1_269' title='bbox 736 1863 763 1888; x_wconf 88' lang='lat' dir='ltr'>s.</span> <span class='ocrx_word' id='word_1_270' title='bbox 783 1855 814 1895; x_wconf 90' lang='lat'>2,</span> 
     </span>
     <span class='ocr_line' id='line_1_35' title="bbox 116 1898 815 1943; baseline -0.003 -9"><span class='ocrx_word' id='word_1_271' title='bbox 116 1901 150 1934; x_wconf 81' lang='lat'>9.</span> <span class='ocrx_word' id='word_1_272' title='bbox 183 1919 229 1924; x_wconf 94' lang='lat'>—</span> <span class='ocrx_word' id='word_1_273' title='bbox 259 1899 564 1943; x_wconf 74' lang='lat' dir='ltr'>relinqueretm‘]*</span> <span class='ocrx_word' id='word_1_274' title='bbox 590 1918 634 1923; x_wconf 83' lang='lat'>—</span> <span class='ocrx_word' id='word_1_275' title='bbox 664 1898 815 1942; x_wconf 81' lang='lat' dir='ltr'>Tarqui-</span> 
     </span>
     <span class='ocr_line' id='line_1_36' title="bbox 117 1945 815 1988; baseline 0 -10"><span class='ocrx_word' id='word_1_276' title='bbox 117 1947 288 1987; x_wconf 74' lang='lat' dir='ltr'>niensem]</span> <span class='ocrx_word' id='word_1_277' title='bbox 314 1956 342 1979; x_wconf 92' lang='lat' dir='ltr'>s.</span> <span class='ocrx_word' id='word_1_278' title='bbox 368 1947 399 1986; x_wconf 88' lang='lat'>5,</span> <span class='ocrx_word' id='word_1_279' title='bbox 423 1948 475 1987; x_wconf 88' lang='grc'>16,</span> <span class='ocrx_word' id='word_1_280' title='bbox 498 1947 534 1984; x_wconf 88' lang='grc'>2;</span> <span class='ocrx_word' id='word_1_281' title='bbox 570 1945 644 1978; x_wconf 85' lang='lat' dir='ltr'>also</span> <span class='ocrx_word' id='word_1_282' title='bbox 665 1946 815 1988; x_wconf 74' lang='lat' dir='ltr'>Jenseits</span> 
     </span>
     <span class='ocr_line' id='line_1_37' title="bbox 117 1991 814 2035; baseline -0.001 -9"><span class='ocrx_word' id='word_1_283' title='bbox 117 1992 180 2026; x_wconf 86' lang='lat' dir='ltr'>des</span> <span class='ocrx_word' id='word_1_284' title='bbox 213 1992 438 2025; x_wconf 88' lang='lat' dir='ltr'>ciminischen</span> <span class='ocrx_word' id='word_1_285' title='bbox 467 1991 729 2034; x_wconf 85' lang='lat' dir='ltr'>Waldgebirges</span> <span class='ocrx_word' id='word_1_286' title='bbox 756 2002 814 2035; x_wconf 88' lang='lat' dir='ltr'>ge-</span> 
     </span>
     <span class='ocr_line' id='line_1_38' title="bbox 118 2038 815 2082; baseline -0.001 -11"><span class='ocrx_word' id='word_1_287' title='bbox 118 2038 240 2082; x_wconf 70' lang='lat' dir='ltr'>legem</span> <span class='ocrx_word' id='word_1_288' title='bbox 265 2038 336 2081; x_wconf 87' lang='lat' dir='ltr'>vgl.</span> <span class='ocrx_word' id='word_1_289' title='bbox 360 2041 392 2079; x_wconf 86' lang='lat'>5,</span> <span class='ocrx_word' id='word_1_290' title='bbox 410 2039 465 2079; x_wconf 84' lang='lat'>32,</span> <span class='ocrx_word' id='word_1_291' title='bbox 485 2040 522 2072; x_wconf 91' lang='lat'>4:</span> <span class='ocrx_word' id='word_1_292' title='bbox 549 2038 585 2071; x_wconf 88' lang='lat' dir='ltr'><em>V</em></span> <span class='ocrx_word' id='word_1_293' title='bbox 584 2038 815 2077; x_wconf 80' lang='lat' dir='ltr'>olsinienses;</span> 
     </span>
     <span class='ocr_line' id='line_1_39' title="bbox 118 2083 817 2126; baseline -0.003 -6"><span class='ocrx_word' id='word_1_294' title='bbox 118 2086 152 2125; x_wconf 85' lang='lat'>9,</span> <span class='ocrx_word' id='word_1_295' title='bbox 167 2086 222 2126; x_wconf 84' lang='lat'>35,</span> <span class='ocrx_word' id='word_1_296' title='bbox 239 2086 255 2118; x_wconf 88' lang='lat'>1</span> <span class='ocrx_word' id='word_1_297' title='bbox 270 2098 277 2122; x_wconf 91' lang='grc'>;</span> <span class='ocrx_word' id='word_1_298' title='bbox 295 2083 473 2118; x_wconf 87' lang='lat' dir='ltr'>vielleicht</span> <span class='ocrx_word' id='word_1_299' title='bbox 491 2084 568 2118; x_wconf 89' lang='lat' dir='ltr'>sind</span> <span class='ocrx_word' id='word_1_300' title='bbox 582 2085 737 2126; x_wconf 90' lang='lat' dir='ltr'>nurjene</span> <span class='ocrx_word' id='word_1_301' title='bbox 755 2085 817 2118; x_wconf 88' lang='lat' dir='ltr'>mit</span> 
     </span>
     <span class='ocr_line' id='line_1_40' title="bbox 118 2130 725 2173; baseline 0 -9"><span class='ocrx_word' id='word_1_302' title='bbox 118 2131 151 2170; x_wconf 88' lang='lat'>3,</span> <span class='ocrx_word' id='word_1_303' title='bbox 179 2133 216 2164; x_wconf 87' lang='lat'>1:</span> <span class='ocrx_word' id='word_1_304' title='bbox 243 2130 398 2172; x_wconf 67' lang='lat' dir='ltr'>Etruria</span> <span class='ocrx_word' id='word_1_305' title='bbox 422 2133 538 2163; x_wconf 78' lang='lat' dir='ltr'>omnis</span> <span class='ocrx_word' id='word_1_306' title='bbox 562 2131 725 2173; x_wconf 85' lang='lat' dir='ltr'>gemeint.</span> 
     </span>
    </p>

    <p class='ocr_par' dir='ltr' id='par_1_10' title="bbox 117 2176 816 2302">
     <span class='ocr_line' id='line_1_41' title="bbox 165 2176 816 2218; baseline -0.003 -7"><span class='ocrx_word' id='word_1_307' title='bbox 165 2178 198 2211; x_wconf 82' lang='lat'>9.</span> <span class='ocrx_word' id='word_1_308' title='bbox 214 2176 387 2210; x_wconf 80' lang='lat' dir='ltr'>Cortuosa</span> <span class='ocrx_word' id='word_1_309' title='bbox 406 2179 441 2209; x_wconf 82' lang='lat' dir='ltr'>et</span> <span class='ocrx_word' id='word_1_310' title='bbox 453 2177 689 2218; x_wconf 80' lang='lat' dir='ltr'>Contenebra]</span> <span class='ocrx_word' id='word_1_311' title='bbox 706 2176 816 2210; x_wconf 90' lang='lat' dir='ltr'>wahr-</span> 
     </span>
     <span class='ocr_line' id='line_1_42' title="bbox 117 2221 814 2266; baseline 0.001 -11"><span class='ocrx_word' id='word_1_312' title='bbox 117 2222 308 2256; x_wconf 86' lang='lat' dir='ltr'>scheinlich</span> <span class='ocrx_word' id='word_1_313' title='bbox 327 2233 395 2256; x_wconf 91' lang='lat' dir='ltr'>von</span> <span class='ocrx_word' id='word_1_314' title='bbox 411 2221 590 2266; x_wconf 89' lang='lat' dir='ltr'>Tarquinii</span> <span class='ocrx_word' id='word_1_315' title='bbox 609 2223 814 2266; x_wconf 82' lang='lat' dir='ltr'>abh&#39;angige,</span> 
     </span>
     <span class='ocr_line' id='line_1_43' title="bbox 118 2267 659 2302; baseline 0 0"><span class='ocrx_word' id='word_1_316' title='bbox 118 2273 219 2302; x_wconf 84' lang='lat' dir='ltr'>sonst</span> <span class='ocrx_word' id='word_1_317' title='bbox 244 2268 339 2302; x_wconf 91' lang='lat' dir='ltr'>nicht</span> <span class='ocrx_word' id='word_1_318' title='bbox 365 2269 542 2302; x_wconf 74' lang='lat' dir='ltr'>erwahnte</span> <span class='ocrx_word' id='word_1_319' title='bbox 568 2267 659 2302; x_wconf 89' lang='lat' dir='ltr'>Orte.</span> 
     </span>
    </p>

    <p class='ocr_par' dir='ltr' id='par_1_11' title="bbox 118 2315 815 2632">
     <span class='ocr_line' id='line_1_44' title="bbox 168 2315 814 2358; baseline 0 -9"><span class='ocrx_word' id='word_1_320' title='bbox 168 2316 220 2349; x_wconf 90' lang='grc'>10.</span> <span class='ocrx_word' id='word_1_321' title='bbox 252 2325 393 2358; x_wconf 81' lang='lat' dir='ltr'>paucos</span> <span class='ocrx_word' id='word_1_322' title='bbox 430 2340 438 2348; x_wconf 93' lang='lat'>.</span> <span class='ocrx_word' id='word_1_323' title='bbox 475 2341 481 2348; x_wconf 91' lang='lat'>.</span> <span class='ocrx_word' id='word_1_324' title='bbox 520 2315 704 2358; x_wconf 83' lang='lat' dir='ltr'>laborque]</span> <span class='ocrx_word' id='word_1_325' title='bbox 751 2325 814 2349; x_wconf 91' lang='lat' dir='ltr'>nur</span> 
     </span>
     <span class='ocr_line' id='line_1_45' title="bbox 119 2360 815 2404; baseline 0.001 -11"><span class='ocrx_word' id='word_1_326' title='bbox 119 2361 256 2404; x_wconf 85' lang='lat' dir='ltr'>wenige</span> <span class='ocrx_word' id='word_1_327' title='bbox 275 2385 283 2394; x_wconf 90' lang='lat'>.</span> <span class='ocrx_word' id='word_1_328' title='bbox 295 2387 315 2402; x_wconf 94' lang='lat'>.,</span> <span class='ocrx_word' id='word_1_329' title='bbox 333 2360 389 2394; x_wconf 87' lang='lat' dir='ltr'>die</span> <span class='ocrx_word' id='word_1_330' title='bbox 405 2361 729 2395; x_wconf 86' lang='lat' dir='ltr'>ununterbrochene</span> <span class='ocrx_word' id='word_1_331' title='bbox 746 2363 815 2394; x_wconf 79' lang='lat' dir='ltr'>An-</span> 
     </span>
     <span class='ocr_line' id='line_1_46' title="bbox 119 2407 814 2449; baseline 0 -9"><span class='ocrx_word' id='word_1_332' title='bbox 119 2413 309 2449; x_wconf 83' lang='lat' dir='ltr'>strengung</span> <span class='ocrx_word' id='word_1_333' title='bbox 334 2407 483 2440; x_wconf 73' lang='lat' dir='ltr'>namlich</span> <span class='ocrx_word' id='word_1_334' title='bbox 501 2432 509 2440; x_wconf 94' lang='lat'>.</span> <span class='ocrx_word' id='word_1_335' title='bbox 526 2434 533 2440; x_wconf 94' lang='lat'>.</span> <span class='ocrx_word' id='word_1_336' title='bbox 560 2411 602 2447; x_wconf 87' lang='lat' dir='ltr'>(s.</span> <span class='ocrx_word' id='word_1_337' title='bbox 622 2408 653 2448; x_wconf 89' lang='lat'>3,</span> <span class='ocrx_word' id='word_1_338' title='bbox 669 2410 704 2440; x_wconf 88' lang='lat'>3:</span> <span class='ocrx_word' id='word_1_339' title='bbox 732 2419 814 2440; x_wconf 85' lang='lat' dir='ltr'>eon-</span> 
     </span>
     <span class='ocr_line' id='line_1_47' title="bbox 118 2451 815 2496; baseline 0.001 -11"><span class='ocrx_word' id='word_1_340' title='bbox 118 2451 296 2496; x_wconf 78' lang='lat' dir='ltr'>fectaque)</span> <span class='ocrx_word' id='word_1_341' title='bbox 316 2453 415 2487; x_wconf 91' lang='lat' dir='ltr'>oder:</span> <span class='ocrx_word' id='word_1_342' title='bbox 439 2463 532 2486; x_wconf 91' lang='lat' dir='ltr'>zwar</span> <span class='ocrx_word' id='word_1_343' title='bbox 550 2453 664 2496; x_wconf 87' lang='lat' dir='ltr'>einige</span> <span class='ocrx_word' id='word_1_344' title='bbox 682 2479 690 2486; x_wconf 90' lang='lat'>.</span> <span class='ocrx_word' id='word_1_345' title='bbox 706 2479 714 2487; x_wconf 91' lang='lat'>.</span> <span class='ocrx_word' id='word_1_346' title='bbox 733 2454 815 2487; x_wconf 85' lang='lat' dir='ltr'>aber</span> 
     </span>
     <span class='ocr_line' id='line_1_48' title="bbox 118 2498 812 2542; baseline 0.001 -11"><span class='ocrx_word' id='word_1_347' title='bbox 118 2498 174 2531; x_wconf 86' lang='lat' dir='ltr'>die</span> <span class='ocrx_word' id='word_1_348' title='bbox 191 2513 242 2538; x_wconf 74' lang='grc' dir='ltr'>..ς</span> <span class='ocrx_word' id='word_1_349' title='bbox 261 2501 408 2542; x_wconf 83' lang='lat' dir='ltr'>s.16‚5;</span> <span class='ocrx_word' id='word_1_350' title='bbox 428 2500 587 2540; x_wconf 75' lang='lat'>23,7‚11.</span> <span class='ocrx_word' id='word_1_351' title='bbox 608 2519 647 2523; x_wconf 87' lang='lat'>-—</span> <span class='ocrx_word' id='word_1_352' title='bbox 669 2510 750 2532; x_wconf 82' lang='lat' dir='ltr'>cum</span> <span class='ocrx_word' id='word_1_353' title='bbox 769 2502 812 2539; x_wconf 82' lang='lat'>..]</span> 
     </span>
     <span class='ocr_line' id='line_1_49' title="bbox 118 2543 813 2590; baseline 0 -13"><span class='ocrx_word' id='word_1_354' title='bbox 118 2543 339 2579; x_wconf 70' lang='lat' dir='ltr'>erklarendes</span> <span class='ocrx_word' id='word_1_355' title='bbox 349 2545 565 2590; x_wconf 83' lang='lat' dir='ltr'>Asyndeton.</span> <span class='ocrx_word' id='word_1_356' title='bbox 577 2564 622 2569; x_wconf 86' lang='lat'>-</span> <span class='ocrx_word' id='word_1_357' title='bbox 630 2547 670 2578; x_wconf 84' lang='lat' dir='ltr'>z&#39;n</span> <span class='ocrx_word' id='word_1_358' title='bbox 681 2547 813 2584; x_wconf 70' lang='lat' dir='ltr'>orbem]</span> 
     </span>
     <span class='ocr_line' id='line_1_50' title="bbox 119 2591 344 2632; baseline 0.009 -9"><span class='ocrx_word' id='word_1_359' title='bbox 119 2599 147 2623; x_wconf 88' lang='lat' dir='ltr'>S.</span> <span class='ocrx_word' id='word_1_360' title='bbox 174 2593 206 2631; x_wconf 89' lang='lat'>5,</span> <span class='ocrx_word' id='word_1_361' title='bbox 222 2591 276 2632; x_wconf 85' lang='lat'>19,</span> <span class='ocrx_word' id='word_1_362' title='bbox 291 2593 344 2625; x_wconf 89' lang='lat'>11.</span> 
     </span>
    </p>
   </div>
   <div class='ocr_carea' id='block_1_6' title="bbox 191 2650 552 2685">
    <p class='ocr_par' dir='ltr' id='par_1_12' title="bbox 191 2650 552 2685">
     <span class='ocr_line' id='line_1_51' title="bbox 191 2650 552 2685; baseline 0.006 -7"><span class='ocrx_word' id='word_1_363' title='bbox 191 2650 223 2679; x_wconf 88' lang='lat' dir='ltr'>T.</span> <span class='ocrx_word' id='word_1_364' title='bbox 238 2651 300 2678; x_wconf 67' lang='lat' dir='ltr'>htv.</span> <span class='ocrx_word' id='word_1_365' title='bbox 315 2651 366 2685; x_wconf 86' lang='lat'>111,</span> <span class='ocrx_word' id='word_1_366' title='bbox 383 2653 408 2681; x_wconf 85' lang='lat'>1.</span> <span class='ocrx_word' id='word_1_367' title='bbox 437 2655 462 2680; x_wconf 88' lang='lat'>5.</span> <span class='ocrx_word' id='word_1_368' title='bbox 478 2653 552 2680; x_wconf 75' lang='lat' dir='ltr'>Auss.</span> 
     </span>
    </p>
   </div>
   <div class='ocr_carea' id='block_1_7' title="bbox 885 1577 1583 2634">
    <p class='ocr_par' dir='ltr' id='par_1_13' title="bbox 886 1577 1583 2220">
     <span class='ocr_line' id='line_1_52' title="bbox 936 1577 1578 1619; baseline -0.002 -8"><span class='ocrx_word' id='word_1_369' title='bbox 936 1578 986 1611; x_wconf 91' lang='lat'>12.</span> <span class='ocrx_word' id='word_1_370' title='bbox 1013 1588 1105 1609; x_wconf 55' lang='lat' dir='ltr'>samo</span> <span class='ocrx_word' id='word_1_371' title='bbox 1132 1577 1325 1619; x_wconf 73' lang='lat' dir='ltr'>quadrato]</span> <span class='ocrx_word' id='word_1_372' title='bbox 1352 1586 1378 1610; x_wconf 87' lang='lat' dir='ltr'>S.</span> <span class='ocrx_word' id='word_1_373' title='bbox 1405 1579 1433 1617; x_wconf 88' lang='lat'>1,</span> <span class='ocrx_word' id='word_1_374' title='bbox 1451 1578 1578 1617; x_wconf 75' lang='lat'>26,14;</span> 
     </span>
     <span class='ocr_line' id='line_1_53' title="bbox 888 1621 1581 1665; baseline 0.001 -10"><span class='ocrx_word' id='word_1_375' title='bbox 888 1622 1095 1665; x_wconf 81' lang='lat' dir='ltr'>ungeachtet</span> <span class='ocrx_word' id='word_1_376' title='bbox 1111 1622 1170 1655; x_wconf 86' lang='lat' dir='ltr'>der</span> <span class='ocrx_word' id='word_1_377' title='bbox 1184 1621 1252 1655; x_wconf 84' lang='lat' dir='ltr'>Not</span> <span class='ocrx_word' id='word_1_378' title='bbox 1266 1622 1350 1655; x_wconf 86' lang='lat' dir='ltr'>wird</span> <span class='ocrx_word' id='word_1_379' title='bbox 1367 1623 1442 1656; x_wconf 90' lang='lat' dir='ltr'>eine</span> <span class='ocrx_word' id='word_1_380' title='bbox 1453 1622 1581 1663; x_wconf 83' lang='lat' dir='ltr'>Mauer,</span> 
     </span>
     <span class='ocr_line' id='line_1_54' title="bbox 888 1668 1581 1712; baseline 0.001 -11"><span class='ocrx_word' id='word_1_381' title='bbox 888 1669 942 1702; x_wconf 92' lang='lat' dir='ltr'>die</span> <span class='ocrx_word' id='word_1_382' title='bbox 970 1669 1059 1702; x_wconf 83' lang='lat' dir='ltr'>noch</span> <span class='ocrx_word' id='word_1_383' title='bbox 1084 1669 1116 1701; x_wconf 91' lang='lat' dir='ltr'>in</span> <span class='ocrx_word' id='word_1_384' title='bbox 1137 1670 1252 1712; x_wconf 77' lang='lat' dir='ltr'>spater</span> <span class='ocrx_word' id='word_1_385' title='bbox 1270 1668 1344 1702; x_wconf 90' lang='lat' dir='ltr'>Zeit</span> <span class='ocrx_word' id='word_1_386' title='bbox 1366 1674 1407 1706; x_wconf 88' lang='lat' dir='ltr'>(s.</span> <span class='ocrx_word' id='word_1_387' title='bbox 1422 1668 1510 1702; x_wconf 87' lang='lat' dir='ltr'>Plin.</span> <span class='ocrx_word' id='word_1_388' title='bbox 1525 1670 1581 1709; x_wconf 84' lang='lat'>36,</span> 
     </span>
     <span class='ocr_line' id='line_1_55' title="bbox 891 1714 1583 1757; baseline -0.001 -8"><span class='ocrx_word' id='word_1_389' title='bbox 891 1717 969 1757; x_wconf 83' lang='lat'><strong>104)</strong></span> <span class='ocrx_word' id='word_1_390' title='bbox 1005 1714 1207 1747; x_wconf 85' lang='lat' dir='ltr'>bewundert</span> <span class='ocrx_word' id='word_1_391' title='bbox 1239 1715 1374 1757; x_wconf 84' lang='lat' dir='ltr'>wurde,</span> <span class='ocrx_word' id='word_1_392' title='bbox 1409 1716 1583 1755; x_wconf 83' lang='lat' dir='ltr'>errichtet‚</span> 
     </span>
     <span class='ocr_line' id='line_1_56' title="bbox 890 1761 1583 1804; baseline 0 -10"><span class='ocrx_word' id='word_1_393' title='bbox 890 1761 968 1794; x_wconf 86' lang='lat' dir='ltr'>teils</span> <span class='ocrx_word' id='word_1_394' title='bbox 994 1771 1050 1794; x_wconf 88' lang='lat' dir='ltr'>um</span> <span class='ocrx_word' id='word_1_395' title='bbox 1077 1761 1130 1793; x_wconf 90' lang='lat' dir='ltr'>die</span> <span class='ocrx_word' id='word_1_396' title='bbox 1150 1761 1439 1804; x_wconf 74' lang='lat' dir='ltr'>uberhangenden</span> <span class='ocrx_word' id='word_1_397' title='bbox 1461 1761 1583 1794; x_wconf 85' lang='lat' dir='ltr'>Felsen</span> 
     </span>
     <span class='ocr_line' id='line_1_57' title="bbox 888 1806 1582 1851; baseline -0.003 -10"><span class='ocrx_word' id='word_1_398' title='bbox 888 1807 949 1841; x_wconf 85' lang='lat' dir='ltr'>des</span> <span class='ocrx_word' id='word_1_399' title='bbox 980 1806 1209 1851; x_wconf 86' lang='lat' dir='ltr'>Kapitoliums</span> <span class='ocrx_word' id='word_1_400' title='bbox 1241 1818 1281 1841; x_wconf 92' lang='lat' dir='ltr'>zu</span> <span class='ocrx_word' id='word_1_401' title='bbox 1315 1810 1472 1843; x_wconf 77' lang='lat' dir='ltr'>stfitzen.</span> <span class='ocrx_word' id='word_1_402' title='bbox 1504 1808 1582 1840; x_wconf 86' lang='lat' dir='ltr'>teils</span> 
     </span>
     <span class='ocr_line' id='line_1_58' title="bbox 888 1853 1582 1895; baseline -0.001 -8"><span class='ocrx_word' id='word_1_403' title='bbox 888 1865 945 1887; x_wconf 93' lang='lat' dir='ltr'>um</span> <span class='ocrx_word' id='word_1_404' title='bbox 983 1853 1045 1886; x_wconf 89' lang='lat' dir='ltr'>das</span> <span class='ocrx_word' id='word_1_405' title='bbox 1080 1853 1257 1895; x_wconf 81' lang='lat' dir='ltr'>Ersteigen</span> <span class='ocrx_word' id='word_1_406' title='bbox 1298 1864 1338 1886; x_wconf 92' lang='lat' dir='ltr'>zu</span> <span class='ocrx_word' id='word_1_407' title='bbox 1377 1853 1582 1887; x_wconf 85' lang='lat' dir='ltr'>verhindern</span> 
     </span>
     <span class='ocr_line' id='line_1_59' title="bbox 886 1900 1583 1941; baseline 0 -8"><span class='ocrx_word' id='word_1_408' title='bbox 886 1903 927 1938; x_wconf 88' lang='lat' dir='ltr'>(s.</span> <span class='ocrx_word' id='word_1_409' title='bbox 955 1902 987 1941; x_wconf 87' lang='lat'>5,</span> <span class='ocrx_word' id='word_1_410' title='bbox 1007 1902 1061 1939; x_wconf 74' lang='lat'>47,</span> <span class='ocrx_word' id='word_1_411' title='bbox 1086 1901 1121 1937; x_wconf 84' lang='lat'>2;</span> <span class='ocrx_word' id='word_1_412' title='bbox 1157 1900 1211 1941; x_wconf 85' lang='lat'>38,</span> <span class='ocrx_word' id='word_1_413' title='bbox 1236 1901 1290 1940; x_wconf 78' lang='lat'>28,</span> <span class='ocrx_word' id='word_1_414' title='bbox 1312 1901 1363 1941; x_wconf 74' lang='lat'>3).</span> <span class='ocrx_word' id='word_1_415' title='bbox 1396 1900 1469 1934; x_wconf 88' lang='lat' dir='ltr'>also</span> <span class='ocrx_word' id='word_1_416' title='bbox 1497 1900 1583 1933; x_wconf 88' lang='lat' dir='ltr'>nach</span> 
     </span>
     <span class='ocr_line' id='line_1_60' title="bbox 887 1945 1582 1980; baseline -0.001 -1"><span class='ocrx_word' id='word_1_417' title='bbox 887 1946 962 1979; x_wconf 87' lang='lat' dir='ltr'>dem</span> <span class='ocrx_word' id='word_1_418' title='bbox 983 1945 1087 1979; x_wconf 88' lang='lat' dir='ltr'>Tiber</span> <span class='ocrx_word' id='word_1_419' title='bbox 1112 1945 1181 1979; x_wconf 90' lang='lat' dir='ltr'>hin.</span> <span class='ocrx_word' id='word_1_420' title='bbox 1233 1945 1314 1979; x_wconf 86' lang='lat' dir='ltr'>Dass</span> <span class='ocrx_word' id='word_1_421' title='bbox 1339 1946 1398 1979; x_wconf 89' lang='lat' dir='ltr'>der</span> <span class='ocrx_word' id='word_1_422' title='bbox 1417 1946 1487 1980; x_wconf 86' lang='lat' dir='ltr'>Bau</span> <span class='ocrx_word' id='word_1_423' title='bbox 1513 1957 1582 1979; x_wconf 83' lang='lat' dir='ltr'>von</span> 
     </span>
     <span class='ocr_line' id='line_1_61' title="bbox 887 1992 1582 2035; baseline -0.001 -9"><span class='ocrx_word' id='word_1_424' title='bbox 887 1992 1060 2026; x_wconf 85' lang='lat' dir='ltr'>Censoren</span> <span class='ocrx_word' id='word_1_425' title='bbox 1087 1994 1127 2032; x_wconf 86' lang='grc'>(5.</span> <span class='ocrx_word' id='word_1_426' title='bbox 1148 2003 1189 2025; x_wconf 94' lang='lat' dir='ltr'>zu</span> <span class='ocrx_word' id='word_1_427' title='bbox 1209 1995 1239 2032; x_wconf 83' lang='lat'>5,</span> <span class='ocrx_word' id='word_1_428' title='bbox 1259 1994 1292 2033; x_wconf 78' lang='lat'>8)</span> <span class='ocrx_word' id='word_1_429' title='bbox 1318 1993 1351 2025; x_wconf 92' lang='lat' dir='ltr'>in</span> <span class='ocrx_word' id='word_1_430' title='bbox 1366 1992 1498 2026; x_wconf 77' lang='lat' dir='ltr'>Accord</span> <span class='ocrx_word' id='word_1_431' title='bbox 1524 2003 1582 2035; x_wconf 85' lang='lat' dir='ltr'>ge-</span> 
     </span>
     <span class='ocr_line' id='line_1_62' title="bbox 889 2038 1578 2081; baseline 0 -10"><span class='ocrx_word' id='word_1_432' title='bbox 889 2039 997 2081; x_wconf 86' lang='lat' dir='ltr'>geben</span> <span class='ocrx_word' id='word_1_433' title='bbox 1031 2038 1165 2077; x_wconf 77' lang='lat' dir='ltr'>wurde,</span> <span class='ocrx_word' id='word_1_434' title='bbox 1198 2039 1242 2071; x_wconf 88' lang='lat' dir='ltr'>ist</span> <span class='ocrx_word' id='word_1_435' title='bbox 1276 2038 1578 2077; x_wconf 78' lang='lat' dir='ltr'>walirscheinlich3</span> 
     </span>
     <span class='ocr_line' id='line_1_63' title="bbox 887 2084 1582 2125; baseline -0.003 -7"><span class='ocrx_word' id='word_1_436' title='bbox 887 2087 1031 2125; x_wconf 86' lang='lat' dir='ltr'>s.32,1.</span> <span class='ocrx_word' id='word_1_437' title='bbox 1070 2084 1114 2117; x_wconf 90' lang='lat' dir='ltr'>Es</span> <span class='ocrx_word' id='word_1_438' title='bbox 1132 2085 1177 2117; x_wconf 81' lang='lat' dir='ltr'>ist</span> <span class='ocrx_word' id='word_1_439' title='bbox 1196 2084 1255 2118; x_wconf 90' lang='lat' dir='ltr'>der</span> <span class='ocrx_word' id='word_1_440' title='bbox 1274 2089 1363 2118; x_wconf 86' lang='lat' dir='ltr'>erste</span> <span class='ocrx_word' id='word_1_441' title='bbox 1379 2084 1450 2118; x_wconf 87' lang='lat' dir='ltr'>Bau</span> <span class='ocrx_word' id='word_1_442' title='bbox 1470 2085 1582 2117; x_wconf 80' lang='lat' dir='ltr'>dieser</span> 
     </span>
     <span class='ocr_line' id='line_1_64' title="bbox 887 2132 1579 2172; baseline -0.001 -8"><span class='ocrx_word' id='word_1_443' title='bbox 887 2133 948 2164; x_wconf 80' lang='lat' dir='ltr'>Art</span> <span class='ocrx_word' id='word_1_444' title='bbox 966 2132 1031 2164; x_wconf 87' lang='lat' dir='ltr'>seit</span> <span class='ocrx_word' id='word_1_445' title='bbox 1049 2133 1080 2165; x_wconf 74' lang='lat'>4.</span> <span class='ocrx_word' id='word_1_446' title='bbox 1097 2132 1153 2171; x_wconf 90' lang='lat'>22,</span> <span class='ocrx_word' id='word_1_447' title='bbox 1170 2133 1200 2164; x_wconf 77' lang='grc' dir='ltr'>ἶ.</span> <span class='ocrx_word' id='word_1_448' title='bbox 1218 2150 1262 2155; x_wconf 91' lang='grc'><strong>-</strong></span> <span class='ocrx_word' id='word_1_449' title='bbox 1289 2132 1366 2172; x_wconf 81' lang='lat' dir='ltr'>hae]</span> <span class='ocrx_word' id='word_1_450' title='bbox 1386 2142 1412 2165; x_wconf 90' lang='grc'>5.</span> <span class='ocrx_word' id='word_1_451' title='bbox 1432 2133 1460 2171; x_wconf 86' lang='grc'>1,</span> <span class='ocrx_word' id='word_1_452' title='bbox 1477 2133 1530 2171; x_wconf 82' lang='lat'>55,</span> <span class='ocrx_word' id='word_1_453' title='bbox 1549 2133 1579 2164; x_wconf 83' lang='lat'>9.</span> 
     </span>
     <span class='ocr_line' id='line_1_65' title="bbox 888 2170 1581 2220; baseline -0.001 -10"><span class='ocrx_word' id='word_1_454' title='bbox 888 2197 927 2201; x_wconf 88' lang='lat'><strong>—</strong></span> <span class='ocrx_word' id='word_1_455' title='bbox 957 2177 1261 2220; x_wconf 77' lang='lat' dir='ltr'>conspiciendum]</span> <span class='ocrx_word' id='word_1_456' title='bbox 1279 2170 1581 2218; x_wconf 72' lang='lat' dir='ltr'>‘senenswfirdig&#39;.</span> 
     </span>
    </p>

    <p class='ocr_par' dir='ltr' id='par_1_14' title="bbox 932 2222 1580 2263">
     <span class='ocr_line' id='line_1_66' title="bbox 932 2222 1580 2263; baseline -0.008 -3"><span class='ocrx_word' id='word_1_457' title='bbox 932 2222 1345 2259; x_wconf 77' lang='lat' dir='ltr'>5.InnereVerh&#39;altnisse.</span> <span class='ocrx_word' id='word_1_458' title='bbox 1359 2222 1453 2256; x_wconf 90' lang='lat' dir='ltr'>Diod.</span> <span class='ocrx_word' id='word_1_459' title='bbox 1466 2224 1517 2263; x_wconf 81' lang='lat'>15,</span> <span class='ocrx_word' id='word_1_460' title='bbox 1527 2224 1580 2256; x_wconf 82' lang='grc'>2-1.</span> 
     </span>
    </p>

    <p class='ocr_par' dir='ltr' id='par_1_15' title="bbox 885 2268 1582 2450">
     <span class='ocr_line' id='line_1_67' title="bbox 935 2268 1581 2311; baseline -0.006 -7"><span class='ocrx_word' id='word_1_461' title='bbox 935 2272 964 2304; x_wconf 93' lang='grc'>1.</span> <span class='ocrx_word' id='word_1_462' title='bbox 987 2272 1172 2303; x_wconf 76' lang='lat' dir='ltr'>contiones</span> <span class='ocrx_word' id='word_1_463' title='bbox 1186 2296 1192 2303; x_wconf 92' lang='lat'>.</span> <span class='ocrx_word' id='word_1_464' title='bbox 1208 2295 1215 2302; x_wconf 93' lang='lat'>.</span> <span class='ocrx_word' id='word_1_465' title='bbox 1231 2268 1475 2311; x_wconf 79' lang='lat' dir='ltr'>frequentare]</span> <span class='ocrx_word' id='word_1_466' title='bbox 1491 2269 1581 2301; x_wconf 77' lang='lat' dir='ltr'>viele</span> 
     </span>
     <span class='ocr_line' id='line_1_68' title="bbox 885 2314 1582 2356; baseline -0.003 -7"><span class='ocrx_word' id='word_1_467' title='bbox 885 2315 1072 2349; x_wconf 83' lang='lat' dir='ltr'>Menscben</span> <span class='ocrx_word' id='word_1_468' title='bbox 1110 2342 1116 2348; x_wconf 94' lang='lat'>.</span> <span class='ocrx_word' id='word_1_469' title='bbox 1143 2341 1150 2348; x_wconf 92' lang='lat'>.</span> <span class='ocrx_word' id='word_1_470' title='bbox 1177 2341 1185 2348; x_wconf 88' lang='lat'><strong>.</strong></span> <span class='ocrx_word' id='word_1_471' title='bbox 1221 2315 1476 2351; x_wconf 85' lang='lat' dir='ltr'>herbeiziehen;</span> <span class='ocrx_word' id='word_1_472' title='bbox 1510 2314 1582 2356; x_wconf 82' lang='lat' dir='ltr'>vgl.</span> 
     </span>
     <span class='ocr_line' id='line_1_69' title="bbox 886 2359 1581 2403; baseline -0.004 -7"><span class='ocrx_word' id='word_1_473' title='bbox 886 2365 916 2402; x_wconf 85' lang='lat'>5,</span> <span class='ocrx_word' id='word_1_474' title='bbox 935 2365 987 2403; x_wconf 93' lang='lat'>11,</span> <span class='ocrx_word' id='word_1_475' title='bbox 1006 2364 1036 2395; x_wconf 86' lang='lat'>9.</span> <span class='ocrx_word' id='word_1_476' title='bbox 1057 2381 1100 2385; x_wconf 97' lang='lat'><strong>—</strong></span> <span class='ocrx_word' id='word_1_477' title='bbox 1128 2361 1275 2402; x_wconf 75' lang='lat' dir='ltr'>legibus]</span> <span class='ocrx_word' id='word_1_478' title='bbox 1303 2360 1361 2392; x_wconf 87' lang='lat' dir='ltr'>der</span> <span class='ocrx_word' id='word_1_479' title='bbox 1380 2359 1494 2393; x_wconf 85' lang='lat' dir='ltr'>Plural</span> <span class='ocrx_word' id='word_1_480' title='bbox 1523 2361 1581 2393; x_wconf 86' lang='lat' dir='ltr'>hat</span> 
     </span>
     <span class='ocr_line' id='line_1_70' title="bbox 886 2406 1212 2450; baseline -0.009 -8"><span class='ocrx_word' id='word_1_481' title='bbox 886 2407 1080 2450; x_wconf 79' lang='lat' dir='ltr'>steigernde</span> <span class='ocrx_word' id='word_1_482' title='bbox 1106 2406 1212 2439; x_wconf 86' lang='lat' dir='ltr'>Kraft.</span> 
     </span>
    </p>

    <p class='ocr_par' dir='ltr' id='par_1_16' title="bbox 885 2452 1582 2634">
     <span class='ocr_line' id='line_1_71' title="bbox 933 2452 1581 2495; baseline -0.003 -8"><span class='ocrx_word' id='word_1_483' title='bbox 933 2456 963 2487; x_wconf 91' lang='lat'>2.</span> <span class='ocrx_word' id='word_1_484' title='bbox 983 2454 1232 2486; x_wconf 79' lang='lat' dir='ltr'>ostentabatur</span> <span class='ocrx_word' id='word_1_485' title='bbox 1249 2454 1288 2484; x_wconf 83' lang='lat' dir='ltr'>in</span> <span class='ocrx_word' id='word_1_486' title='bbox 1305 2454 1414 2494; x_wconf 75' lang='lat' dir='ltr'>spem]</span> <span class='ocrx_word' id='word_1_487' title='bbox 1441 2452 1491 2485; x_wconf 86' lang='lat' dir='ltr'>als</span> <span class='ocrx_word' id='word_1_488' title='bbox 1511 2452 1581 2495; x_wconf 79' lang='lat' dir='ltr'>das,</span> 
     </span>
     <span class='ocr_line' id='line_1_72' title="bbox 887 2497 1578 2538; baseline 0.004 -9"><span class='ocrx_word' id='word_1_489' title='bbox 887 2510 958 2532; x_wconf 81' lang='lat' dir='ltr'>was</span> <span class='ocrx_word' id='word_1_490' title='bbox 985 2499 1034 2532; x_wconf 82' lang='lat' dir='ltr'>sie</span> <span class='ocrx_word' id='word_1_491' title='bbox 1054 2509 1093 2531; x_wconf 88' lang='lat' dir='ltr'>zu</span> <span class='ocrx_word' id='word_1_492' title='bbox 1114 2498 1268 2531; x_wconf 85' lang='lat' dir='ltr'>erhalten</span> <span class='ocrx_word' id='word_1_493' title='bbox 1288 2497 1403 2531; x_wconf 88' lang='lat' dir='ltr'>hoffen</span> <span class='ocrx_word' id='word_1_494' title='bbox 1425 2498 1578 2538; x_wconf 72' lang='lat' dir='ltr'>durstem</span> 
     </span>
     <span class='ocr_line' id='line_1_73' title="bbox 885 2544 1582 2587; baseline 0.001 -9"><span class='ocrx_word' id='word_1_495' title='bbox 885 2544 1265 2586; x_wconf 75' lang='lat' dir='ltr'>s.11,5;vgl.1,17‚</span> <span class='ocrx_word' id='word_1_496' title='bbox 1286 2546 1322 2584; x_wconf 82' lang='lat'>9;</span> <span class='ocrx_word' id='word_1_497' title='bbox 1351 2546 1382 2586; x_wconf 84' lang='lat'>3,</span> <span class='ocrx_word' id='word_1_498' title='bbox 1406 2547 1436 2585; x_wconf 83' lang='grc'>1,</span> <span class='ocrx_word' id='word_1_499' title='bbox 1460 2546 1496 2583; x_wconf 80' lang='grc' dir='ltr'>2ς</span> <span class='ocrx_word' id='word_1_500' title='bbox 1524 2555 1582 2587; x_wconf 81' lang='lat' dir='ltr'>ge-</span> 
     </span>
     <span class='ocr_line' id='line_1_74' title="bbox 886 2591 1582 2634; baseline 0.001 -12"><span class='ocrx_word' id='word_1_501' title='bbox 886 2591 1100 2624; x_wconf 73' lang='lat' dir='ltr'>wohnlicher</span> <span class='ocrx_word' id='word_1_502' title='bbox 1117 2591 1180 2623; x_wconf 88' lang='lat' dir='ltr'>ist:</span> <span class='ocrx_word' id='word_1_503' title='bbox 1201 2591 1386 2624; x_wconf 76' lang='lat' dir='ltr'>ostendere</span> <span class='ocrx_word' id='word_1_504' title='bbox 1401 2602 1496 2634; x_wconf 72' lang='lat' dir='ltr'>spem</span> <span class='ocrx_word' id='word_1_505' title='bbox 1515 2593 1582 2625; x_wconf 83' lang='lat' dir='ltr'>ali-</span> 
     </span>
    </p>
   </div>
   <div class='ocr_carea' id='block_1_8' title="bbox 1281 2649 1299 2682">
    <p class='ocr_par' dir='ltr' id='par_1_17' title="bbox 1281 2649 1299 2682">
     <span class='ocr_line' id='line_1_75' title="bbox 1281 2649 1299 2682; baseline 0 0"><span class='ocrx_word' id='word_1_506' title='bbox 1281 2649 1299 2682; x_wconf 89' lang='lat'>2</span> 
     </span>
    </p>
   </div>
  </div>
 </body>
</html>
