1731 2796
33 1130 71 1162 10

31 1359 67 1394 11

103 90 154 127 60
604 88 731 123 LIBER
759 89 809 123 Vl.
860 88 954 123 CAP.
981 91 1034 123 24.

1342 107 1368 127 a.
1388 106 1418 126 u.
1439 107 1464 127 c.
1484 100 1546 128 373.

102 205 220 244 alium
243 203 385 244 ducem
406 205 619 257 sequimini
651 217 760 245 nunc
784 205 1001 245 Camillum
1012 210 1071 252 et,
1104 204 1210 256 quod
1231 204 1352 245 ductu
1374 217 1463 244 meo
1485 217 1549 244 so-

104 262 203 308 letis,
226 262 383 302 vincite.
423 262 516 314 quid
539 263 680 302 vallum
699 262 737 302 e't
754 269 881 302 casua
898 260 1114 314 spectatis?
1157 262 1357 301 neminem
1375 268 1550 301 vestrum

103 320 166 359 illa
190 318 265 359 nisi
295 320 484 360 victorem
515 327 723 372 receptura
746 313 862 359 sunt.
918 319 1048 383 pudor
1076 319 1205 371 primo
1233 319 1361 359 tenuit
1382 319 1549 368 effusos3

103 377 217 424 inde,
252 383 295 416 ut
315 377 530 430 circumagi
560 378 671 429 signa
699 376 932 428 obvertique
962 377 1084 416 aciem
1107 376 1290 416 viderunt
1319 377 1359 416 in
1381 377 1548 423 hostem,

102 442 141 474 et
163 435 262 481 duX,
295 442 571 487 praeterquam
596 435 700 485 quod
736 442 793 474 tot
825 434 992 485 insignis
1022 434 1253 486 triumphis,
1285 434 1400 473 etiam
1423 439 1550 473 aetate

103 491 350 538 venerabilis,
374 492 478 531 inter
499 493 625 544 prima
648 492 780 543 signa,
804 491 870 531 uhi
894 492 1090 543 plurimus
1112 491 1223 531 labor
1245 491 1548 543 periculumque

104 555 199 595 erat,
223 561 263 588 se
288 549 491 595 offerebat,
515 550 723 600 increpare
739 549 884 601 singuli
906 562 947 589 se
965 549 1133 600 quisque
1156 555 1195 588 et
1216 549 1324 597 alios,
1347 554 1386 588 et
1406 549 1549 588 adhor-

103 607 195 645 tatio
219 606 258 645 in
283 607 405 645 vicem
429 613 550 645 totam
582 606 697 645 alacri
722 606 892 646 clamore
921 607 1091 658 pervasit
1120 606 1255 645 aciem.
1299 618 1431 657 neque
1452 606 1551 644 alter

102 662 288 703 tribunus
306 664 363 703 rei
382 664 518 711 defuit,
536 664 602 702 sed
623 664 766 703 missus
782 676 802 702 a
821 664 970 715 collega
984 664 1219 703 restituente
1231 663 1406 715 peditum
1425 663 1549 702 aciem

103 721 148 759 ad
168 721 334 772 equites,
358 734 439 760 non
461 721 706 772 castigando,
728 721 773 760 ad
793 733 911 772 quam
930 734 1013 760 rem
1033 721 1218 760 leviorem
1235 727 1438 760 auctorem
1461 732 1550 759 eum

103 778 242 829 culpae
271 779 439 818 societas
469 779 634 825 fecerat,
666 779 733 817 sed
767 778 814 817 ah
846 778 1012 830 imperio
1042 785 1148 818 totus
1178 778 1224 817 ad
1254 790 1394 830 preces
1414 789 1551 817 versus

103 848 218 874 orare
235 835 414 888 singulos
431 836 729 887 universosque,
751 842 792 875 ut
803 849 843 875 se
862 848 973 875 reum
990 837 1176 875 fortunae
1193 836 1278 876 eius
1290 835 1366 875 diei
1382 835 1550 876 crimine

103 893 342 932 eximerent:
359 888 579 932 ‘abnuente
600 906 644 932 ac
668 892 907 944 prohibente
919 893 1067 944 collega
1080 893 1290 932 temeritati
1300 905 1363 932 me
1373 891 1550 932 omnium

102 950 236 1002 potius
258 951 409 990 socium
433 963 548 1001 quam
573 951 692 990 unius
713 951 947 1002 prudentiae
969 951 1069 990 dedi.
1114 950 1298 990 Camillus
1320 950 1361 990 in
1384 957 1552 1001 utraque

102 1014 230 1047 vestra
265 1009 425 1047 fortuna
458 1021 569 1047 suam
599 1008 763 1059 gloriam
796 1007 920 1055 videt;
953 1020 1047 1060 eg0,
1081 1008 1121 1047 ni
1151 1008 1374 1047 restituitur
1402 1019 1551 1060 pugna,

105 1064 211 1116 quod
240 1065 505 1105 miserrimum
528 1072 607 1111 est,
639 1066 840 1105 fortunam
872 1077 962 1104 cum
985 1065 1192 1113 omuibus,
1223 1065 1424 1104 infamiam
1445 1064 1553 1105 solus

101 1116 292 1161 sentiam?
356 1124 548 1174 optimum
587 1122 712 1162 visum
757 1129 815 1163 est
851 1123 890 1162 in
923 1123 1140 1162 fluctuante
1177 1122 1260 1162 acie
1297 1122 1398 1162 tradi
1428 1135 1553 1174 equos

103 1187 141 1219 et
161 1180 335 1232 pedestri
358 1192 493 1243 pugna
516 1181 701 1219 invadere
724 1181 890 1220 hostem.
935 1187 1030 1219 eunt
1052 1180 1231 1231 insignes
1252 1180 1371 1220 armis
1392 1179 1552 1219 animis-

103 1249 193 1288 que,
212 1250 287 1288 qua
306 1238 432 1289 premi
450 1244 562 1289 parte
580 1237 749 1276 maxime
767 1237 945 1289 peditum
963 1237 1098 1289 copias
1114 1237 1261 1277 vident.
1304 1237 1402 1277 nihil
1420 1249 1552 1288 neque

102 1295 218 1357 apud
238 1295 359 1334 duces
392 1307 522 1346 neque
553 1295 656 1346 apud
686 1295 830 1334 milites
859 1295 1076 1334 leniittitur
1097 1307 1117 1333 a
1148 1307 1302 1334 summo
1335 1295 1552 1335 certamine

101 1351 234 1390 animi.
290 1352 413 1391 sensit
437 1365 531 1404 ergo
563 1358 727 1391 eventus
748 1352 904 1392 virtutis
926 1352 1065 1391 enixae
1095 1364 1224 1404 opem,
1249 1358 1287 1391 et
1306 1352 1449 1401 Volsci,
1476 1364 1554 1403 qua

104 1409 222 1448 modo
245 1409 428 1448 simulato
451 1416 559 1449 metu
581 1416 797 1457 cesserant,
819 1422 863 1449 ea
885 1410 926 1449 in
947 1421 1079 1449 veram
1102 1410 1235 1461 fugam
1258 1410 1384 1457 effusi,
1412 1421 1554 1460 magna

149 1513 178 1543 7.
205 1512 406 1553 circumagi
428 1512 548 1553 signa]
575 1510 629 1543 die
655 1510 794 1544 Fahnen

910 1513 941 1545 9.
968 1510 1205 1552 temer-itast]
1231 1520 1258 1546 s.
1284 1512 1316 1552 3,
1335 1512 1422 1552 50,3
1449 1521 1481 1543 u.
1508 1520 1554 1549 a.;

101 1556 169 1589 und
188 1555 242 1589 die
268 1561 366 1589 unter
392 1556 578 1589 denselben
606 1557 793 1589 stehenden

865 1558 1046 1589 temeritas
1087 1556 1157 1590 und
1196 1557 1395 1600 prudentia
1436 1555 1556 1590 stehen

101 1601 262 1645 Truppen
298 1602 518 1641 umwendem
551 1612 577 1635 S.
613 1604 664 1642 10,
687 1604 792 1644 36,9;

104 1648 193 1682 Curt.
209 1650 241 1689 4,
258 1650 310 1687 13,
326 1649 387 1682 32:
414 1650 451 1680 in
468 1647 626 1687 frontem
645 1650 793 1680 circum-

103 1695 177 1735 agi.
202 1714 245 1717 —
277 1695 423 1734 obverti]
459 1704 485 1727 s.
519 1697 550 1735 7,
573 1696 608 1732 3;
636 1704 697 1727 vor
723 1693 794 1727 Liv.

102 1740 136 1772 in
156 1738 260 1773 Prosa
281 1740 393 1782 wenig
414 1740 611 1782 gebraucht.
630 1759 674 1763 ——-
687 1751 794 1782 prae-

103 1788 266 1828 terquam
300 1810 308 1818 .
347 1812 354 1818 .
393 1787 558 1827 insignis]
595 1785 656 1818 das
696 1785 793 1818 Verb.

103 1830 189 1863 finit.
216 1830 302 1864 fehlt
326 1831 436 1864 selten
464 1831 516 1864 bei
540 1834 794 1874 praeterquam

104 1876 217 1919 quod,
255 1876 306 1909 ost
337 1877 389 1909 bei
417 1880 693 1919 praeter-quarm
727 1877 795 1919 vgl.

105 1924 160 1963 29,
182 1923 234 1963 18,
262 1924 317 1956 13;
351 1926 606 1965 praeterquam
632 1923 728 1965 quod
752 1949 759 1956 .
786 1947 794 1955 .

106 1968 302 2006 laceratus;
327 1978 402 2000 zum
424 1968 607 2001 Gedanken
628 1978 654 2000 5.
673 1970 726 2008 44,
741 1971 795 2008 41,

108 2016 134 2047 1.
153 2032 198 2036 -
215 2015 254 2046 in
282 2015 402 2054 uicem]
427 2014 520 2046 steht
545 2013 740 2053 attributiv3
768 2024 795 2047 s.

106 2062 136 2099 3,
152 2062 206 2101 71,
223 2060 258 2098 2;
285 2061 316 2099 9,
331 2060 362 2100 3,
378 2062 413 2097 4;
441 2061 496 2100 41,
515 2061 546 2100 3,
566 2061 601 2092 3:
629 2060 734 2091 caede
754 2061 791 2091 in

106 2107 216 2138 vicem
242 2105 396 2137 militum
414 2108 695 2146 nautarumque3
723 2105 792 2148 vgl.

106 2154 139 2191 7,
155 2153 185 2193 8,
205 2152 241 2184 3:
268 2152 364 2183 inter
388 2162 434 2183 se.

152 2198 183 2231 8.
210 2197 434 2239 castigando]
468 2195 547 2229 lasst
572 2196 626 2230 ein
653 2196 795 2229 anderes

105 2242 268 2276 Pradikat
293 2242 344 2275 als
371 2253 477 2275 orare
501 2244 605 2282 (etwa
633 2243 797 2283 incitare,

106 2289 300 2331 impellere)
325 2292 511 2327 erwartem
548 2287 617 2330 vgl.
646 2288 675 2327 3,
693 2289 744 2327 12,
760 2289 796 2325 8;

107 2336 137 2375 8,
161 2336 265 2373 11,6;
293 2336 347 2375 39,
362 2335 416 2375 32,
442 2336 482 2367 10
498 2334 519 2366 s.
546 2353 590 2356 —
616 2334 795 2374 leviorem]

126 2383 184 2421 .,5
202 2381 321 2421 15,12.
349 2400 390 2404 —
419 2383 515 2412 totus
540 2406 548 2414 .
575 2406 582 2413 .
608 2381 742 2420 versus]
769 2389 796 2412 5.

107 2426 162 2467 25,
181 2427 306 2467 16,19.
326 2425 546 2465 —fortunae
559 2424 796 2467 ei'usdzez]der

107 2471 349 2513 unglsickliche
363 2471 527 2514 Ausgang
542 2472 601 2505 des
620 2470 797 2505 Schlacht-

108 2495 215 2559 ῐθέεε,
241 2516 362 2559 gehort
387 2528 428 2550 zu
450 2528 550 2550 reum
575 2533 619 2544 =
639 2512 715 2550 der
740 2516 798 2550 da-

109 2561 454 2595 fiirverantwortlich
465 2557 544 2596 sei'·
537 2563 627 2606 „ng
638 2565 691 2605 25,
701 2564 756 2605 30,
766 2565 796 2596 5.

864 1602 1171 1636 nachdriicklicher
1205 1603 1257 1636 fur
1290 1602 1344 1635 die
1370 1601 1555 1635 Personen.

865 1668 907 1672 ——
921 1650 1084 1703 gentiam]
1098 1642 1231 1682 werde
1249 1648 1303 1682 ich
1327 1653 1447 1691 tragen
1465 1650 1556 1681 111115-

865 1690 940 1727 sen²
947 1708 954 1733 ;
980 1703 1007 1728 5.
1034 1696 1065 1735 3,
1079 1696 1134 1736 21,
1149 1696 1179 1728 4.

914 1742 975 1774 10.·
985 1738 1093 1781 acie*]
1110 1760 1152 1764 —
1167 1740 1276 1782 tradi]
1295 1739 1397 1773 naml.
1416 1739 1481 1773 den
1500 1739 1555 1772 die

866 1785 982 1827 Reiter
1019 1786 1261 1829 begleitenden
1292 1784 1555 1819 Reitknechten.

866 1830 957 1864 Uber
982 1831 1048 1865 den
1077 1831 1235 1865 Wechsel
1266 1832 1365 1864 tradi
1388 1858 1395 1865 .
1422 1856 1430 1864 .
1455 1833 1556 1864 inva-

866 1877 949 1910 dere
974 1887 1002 1910 s.
1027 1880 1058 1920 5,
1075 1879 1130 1919 43,
1145 1880 1175 1912 5.
1201 1896 1246 1901 —
1270 1880 1358 1910 eunt
1384 1878 1555 1919 insignes]

867 1932 893 1955 5.
920 1924 951 1963 4,
977 1923 1037 1965 38,
1067 1925 1099 1957 4.
1131 1943 1175 1948 -
1206 1924 1400 1956 certamine
1429 1925 1555 1963 animi]

865 1948 1081 2008 ‘We’tteiserss
1109 1969 1177 2012 vgl.
1204 1970 1235 2003 3
1257 1971 1287 2010 7,
1315 1970 1350 2007 2;
1377 1969 1554 2011 37‚10,2;

867 2013 1020 2057 dagegen
1064 1996 1242 2047 certamen
1283 2015 1486 2047 animorum
1523 2016 1554 2055 2,

864 2061 971 2101 59,1;
1000 2061 1053 2101 32,
1070 2062 1124 2101 20,
1139 2062 1177 2100 3;
1200 2062 1325 2103 40,17,
1339 2061 1370 2093 3.

912 2108 964 2139 11.
1000 2108 1112 2138 sensit
1142 2133 1150 2141 .
1189 2132 1197 2140 .
1233 2108 1388 2147 eventus]
1420 2105 1490 2148 vgl.
1523 2108 1555 2148 9,

866 2152 920 2191 37,
955 2154 990 2190 1;
1033 2156 1177 2185 eventus
1213 2152 1259 2186 ist
1294 2150 1556 2196 personifiziert‚

866 2197 933 2230 wie
947 2196 1099 2236 fortuna
1118 2199 1149 2239 8,
1164 2199 1194 2239 3,
1210 2200 1248 2239 7;
1275 2197 1334 2231 der
1351 2197 1468 2240 Erfolg
1486 2208 1555 2230 em-

867 2242 983 2285 psand,
1009 2243 1176 2277 erkannte
1194 2261 1237 2273 =
1255 2253 1298 2276 an
1322 2242 1398 2277 dem
1415 2243 1554 2286 Ersolge

868 2288 958 2328 (dem
1013 2288 1232 2331 glucklichen
1278 2289 1441 2332 Ausgang
1495 2287 1555 2322 der

868 2333 1043 2373 Schlacht)
1078 2333 1243 2367 erkannte
1274 2344 1351 2368 man
1386 2334 1440 2368 die
1467 2334 1555 2367 Wir—

866 2379 980 2422 kung,
1006 2379 1117 2413 Hulse.
1142 2399 1187 2403 —
1212 2381 1354 2421 enioeae]
1383 2380 1418 2413 in
1443 2379 1556 2414 dieser

866 2424 1071 2468 Bedeutung
1082 2436 1144 2459 vor
1153 2425 1225 2460 Liv.
1235 2425 1344 2459 seiten
1355 2426 1553 2469 gebraucht.

867 2490 911 2495 -—-
929 2482 1000 2514 qua
1023 2471 1129 2504 modo
1146 2471 1317 2504 simulato
1331 2495 1339 2504 .
1355 2473 1376 2513 .]
1402 2482 1428 2505 5.
1450 2475 1479 2513 1,
1502 2474 1553 2514 14,

870 2519 922 2550 10.
941 2536 984 2540 -
1001 2527 1134 2560 magna
1154 2519 1253 2560 pars]
1272 2516 1554 2551 beschriinkende

867 2563 1090 2606 Appositi0n;
1116 2572 1142 2596 5.
1169 2564 1201 2606 9,
1228 2564 1282 2605 46,
1306 2566 1343 2603 7;
1372 2565 1426 2603 30,
1450 2565 1505 2607 24,
1522 2565 1554 2598 9.
