1731 2796
159 86 212 125 62
615 85 739 119 LIBER
767 85 859 120 V1111.
897 85 990 121 GAP.
1019 87 1073 133 26.
1099 86 1153 119 27.

1411 103 1437 125 a.
1459 103 1487 123 u.
1509 102 1534 124 c.
1548 95 1608 124 440.

86 217 92 222 ·
154 206 340 244 adversus
357 203 548 243 nobilium
567 202 792 242 testimonia
811 202 967 253 egregie
983 201 1254 241 absolvuntur.
1285 200 1477 241 Publilius
1493 201 1608 241 etiam

157 262 268 301 Philo
290 261 560 312 multiplicatis
580 261 744 300 summis
765 259 986 298 honoribus
1018 265 1109 310 post
1131 271 1193 299 res
1215 265 1273 298 tot
1295 258 1401 298 domi
1422 257 1608 310 belloque

157 325 306 370 gestas,
330 325 505 358 ceterum
523 318 672 357 invisus
695 317 909 363 nobilitati,
932 328 1090 356 causam
1112 316 1208 355 dixit
1229 315 1513 368 absolutusque
1535 323 1607 356 est.

155 390 230 416 nec
252 376 411 423 diutius,
435 381 477 414 ut
500 376 552 420 fit,
576 387 694 426 quam
716 374 809 413 dum
831 386 972 413 recens
995 379 1089 421 erat,
1113 374 1291 424 quaestio
1313 386 1385 426 per
1407 373 1510 413 clara
1531 386 1607 413 no-

155 435 260 473 mina
292 445 450 473 reorum
480 433 622 483 viguit:
656 432 746 471 inde
777 430 855 470 labi
888 431 1021 483 coepit
1050 430 1097 469 ad
1128 431 1264 470 viliora
1296 431 1446 482 capita,
1477 431 1607 471 donec

156 490 396 530 coitionibus
427 489 765 540 factionibusque,
803 489 987 527 adversus
1020 500 1118 539 quas
1149 495 1363 540 conparata
1395 494 1500 535 erat,
1534 501 1606 540 op-

154 561 289 600 pressa
312 555 381 587 est.

269 605 414 644 Earum
437 606 536 643 sama
558 616 689 642 rerum
704 633 713 649 ,
746 603 867 654 magis
898 608 1030 641 tamen
1054 615 1144 654 spes
1167 601 1385 654 Campanae
1417 602 1606 641 desectio-

153 664 234 710 nis,
268 663 307 701 in
331 674 445 713 quam
470 661 720 700 coniuratum
743 666 843 706 erat,
878 659 1072 699 Samnites
1094 659 1133 698 in
1156 659 1337 710 Apuliam
1357 671 1493 698 versos
1515 671 1605 698 rur-

152 734 217 760 sus
250 719 296 758 ad
319 719 507 758 Caudium
541 718 756 764 revocavit,
790 723 833 756 ut
864 717 955 755 inde
979 729 1025 755 ex
1047 716 1298 768 propinquo,
1329 716 1362 756 si
1385 716 1451 767 qui
1474 721 1605 756 motus

154 778 400 817 occasionem
434 776 626 827 aperiret,
661 774 833 826 Capuam
856 774 1044 812 Romanis
1076 774 1290 825 eriperent.
1343 785 1389 812 eo
1421 773 1606 813 consules

154 848 241 874 cum
266 833 390 873 valido
414 833 589 872 exercitu
613 838 820 871 venerunt.
864 838 899 870 et
923 831 1051 882 primo
1075 831 1176 870 circa
1197 830 1330 878 saltus,
1353 842 1443 869 cum
1466 830 1606 870 utrim—

152 905 226 943 que
251 892 297 931 ad
320 891 473 930 hostem
497 891 631 941 iniqua
654 890 713 928 via
735 896 858 935 esset,
892 888 1066 928 cunctati
1096 894 1211 935 sunt;
1243 887 1386 927 deinde
1409 887 1606 928 Samnites

152 962 223 1001 per
245 954 378 1000 aperta
401 948 484 987 loca
508 947 615 986 brevi
638 947 806 986 circuitu
829 946 868 985 in
898 946 982 984 loca
1017 945 1152 997 plana,
1186 945 1408 996 Campanos
1430 957 1604 996 campos,

151 1019 290 1057 agmen
316 1006 550 1051 demittunt,
578 1004 711 1055 ibique
734 1004 907 1055 primum
930 1008 1057 1042 castra
1079 1003 1119 1041 in
1142 1007 1401 1054 conspectum
1424 1001 1606 1042 hostibus

150 1065 259 1111 data,
292 1063 434 1102 deinde
466 1062 616 1102 levibus
648 1061 829 1113 proeliis,
863 1061 1040 1112 equitum
1077 1060 1233 1111 saepius
1265 1071 1380 1110 quam
1413 1059 1603 1111 peditum,

150 1121 348 1172 utrimque
380 1120 600 1172 periculum
634 1119 801 1163 factum3
836 1130 908 1157 nec
939 1124 1005 1156 aut
1036 1123 1200 1157 eventus
1221 1128 1360 1156 eorum
1382 1116 1603 1156 Romanum

148 1185 215 1217 aut
238 1190 382 1223 morae,
407 1189 481 1228 qua
506 1176 716 1215 trahebant
737 1175 902 1222 bellum,
925 1174 1163 1226 paenitebat.
1206 1173 1443 1213 Samnitium
1465 1179 1605 1213 contra

150 1235 318 1274 ducibus
341 1241 375 1273 et
400 1234 505 1285 carpi
530 1234 659 1284 parvis
681 1233 823 1271 cotidie
847 1232 1001 1271 damnis
1019 1238 1055 1270 et
1078 1244 1287 1271 senescere
1304 1231 1490 1270 dilatione
1512 1230 1604 1270 belli

149 1292 250 1331 vires
282 1304 374 1331 suae
408 1291 651 1330 videbantur.
695 1290 826 1340 itaque
857 1289 896 1328 in
931 1289 1053 1328 aciem
1087 1289 1312 1340 procedunt
1342 1288 1540 1339 equitibus
1562 1289 1600 1327 in

150 1415 204 1438 ser
224 1404 295 1437 Zeit
314 1403 512 1446 Magistrate
538 1412 589 1435 an.
618 1421 658 1425 —
686 1403 840 1433 testimo·
911 1400 975 1433 seit
1002 1401 1063 1441 23,
1090 1401 1109 1434 8
1148 1410 1210 1433 nur
1243 1399 1356 1442 wenig
1386 1399 1540 1439 beriihrt3
1574 1410 1600 1435 S.

150 1453 223 1491 nia]
251 1450 352 1492 niiinl.
372 1449 445 1482 dass
462 1448 616 1481 Maenius
640 1447 743 1480 durch
769 1448 840 1479 col·
912 1447 965 1486 26,
987 1449 1016 1479 1.

150 1499 262 1529 tiones
281 1496 398 1528 Amter
416 1494 547 1536 erlangt
564 1493 662 1527 habe.
682 1513 722 1516 —
744 1503 836 1535 egre·
957 1493 988 1525 2.
1016 1491 1099 1523 inde
1117 1501 1162 1522 θα)
1173 1492 1393 1533 propinquo]
1412 1490 1482 1532 vgl.
1497 1493 1528 1532 5,
1542 1493 1598 1533 43,

146 1545 207 1584 gie
233 1542 479 1580 absolvuntur]
515 1540 563 1573 sie
600 1538 739 1572 wurden
773 1549 840 1572 von
912 1539 942 1571 3.
971 1556 1009 1560 ——
1036 1538 1068 1569 si
1093 1538 1156 1579 qui
1183 1538 1360 1577 motu-§.J
1387 1535 1420 1570 d.
1443 1536 1474 1570 h.
1503 1546 1602 1570 wenn

149 1589 213 1621 den
240 1587 393 1620 Kousuln
427 1586 476 1618 als
503 1587 720 1628 quaesitores
746 1584 840 1626 glan·
911 1582 1041 1625 infulge
1068 1581 1126 1615 der
1145 1581 1422 1624 Verschwfirung
1446 1582 1522 1615 eine
1540 1581 1603 1615 Be-

148 1633 232 1667 zend
252 1633 335 1675 (vgi.
351 1634 405 1672 34,
425 1633 477 1670 22,
494 1634 526 1673 4)
546 1631 839 1673 [reigesproehem

151 1678 321 1722 vg1.Rein
338 1678 401 1711 CR.
418 1679 494 1711 727.

195 1726 247 1757 21.
275 1723 484 1765 Publilius*]
505 1733 530 1756 S.
548 1724 598 1761 12,
614 1723 645 1755 9.
677 1741 719 1744 —
744 1721 841 1753 domi

148 1771 342 1812 belloque*]
357 1780 382 1804 S.
398 1780 437 1802 zu
457 1771 484 1809 1,
497 1769 616 1807 34,12.
631 1786 674 1790 -—
689 1769 838 1807 invisus]

146 1818 215 1859 vgi.
237 1818 266 1855 8,
293 1817 344 1856 12,
368 1817 418 1849 11.
443 1817 495 1855 15,
516 1818 546 1847 9.
582 1832 616 1836 —
642 1813 838 1853 nobilitati]

149 1872 175 1896 s.
191 1873 229 1894 zu
247 1863 267 1904 ξ
287 1863 338 1896 11.

196 1909 249 1942 22.
269 1905 428 1949 nomina]
449 1905 481 1938 in
500 1905 616 1946 Bezug
635 1903 695 1936 aus
711 1914 837 1936 nomen

147 1955 303 1993 recipere
330 1953 349 1994 ξ
372 1954 424 1985 10.
449 1969 493 1974 --
519 1951 603 1990 labi]
631 1964 675 1976 =
701 1949 837 1986 dolah&

146 2008 172 2032 s.
195 2000 249 2038 21,
273 1999 328 2037 46,
352 1999 382 2031 6.
408 2016 452 2019 —
478 1996 711 2034 factionibus]
739 1993 839 2027 Kom-

149 2044 278 2087 plotte3
306 2054 331 2075 s.
347 2053 386 2074 zu
404 2044 434 2082 7,
450 2042 572 2081 32,12.

191 2087 251 2123 27.
279 2087 421 2130 Κϊιῐῐψΐθ
448 2087 508 2119 mit
526 2085 588 2118 den
610 2084 785 2118 Samniten
804 2085 837 2117 iu

147 2134 370 2177 Kampanien.
420 2131 515 2165 Diod.
534 2134 585 2172 19,
600 2132 653 2165 76.

194 2183 221 2213 1.
249 2190 372 2212 earnm
391 2203 399 2211 .
414 2203 421 2211 .
437 2179 570 2217 rerum]
596 2176 649 2210 die
675 2175 836 2208 Unruhen

144 2227 177 2259 in
196 2225 281 2259 Rom
309 2224 376 2258 und
402 2223 465 2257 den
487 2222 719 2256 verbiindeten
739 2221 837 2254 Staa—

146 2278 214 2306 ten.
239 2291 284 2294 —
309 2269 420 2313 spes]*
438 2289 482 2293 —
502 2269 703 2310 Campanae
721 2265 836 2306 defec-

146 2319 266 2357 tionis]
292 2316 360 2359 vgl.
379 2318 407 2357 1,
423 2317 476 2355 27,
494 2317 532 2349 11
547 2329 554 2352 ;
570 2315 601 2355 2,
616 2315 670 2354 25,
687 2315 715 2347 1.
739 2332 776 2336 —
796 2314 835 2345 in

145 2374 272 2405 quam.
289 2364 309 2402 .]
336 2364 373 2394 in
400 2360 601 2394 bezeichnet
626 2359 690 2392 den
709 2358 835 2391 Zweck

145 2409 202 2441 der
228 2419 295 2441 von
322 2407 381 2440 der
406 2405 652 2440 samnitischen
670 2404 782 2438 Partei
800 2405 833 2437 in

145 2453 258 2496 Capua
278 2453 477 2495 gestisteten
492 2451 785 2492 Verschworung3
807 2459 833 2483 S.

144 2500 198 2539 25,
213 2500 243 2531 3.
260 2500 313 2539 26,
327 2501 357 2531 5.
383 2517 427 2521 —
451 2500 488 2530 in
506 2497 677 2540 Apuliam
702 2497 833 2536 versos]

144 2544 198 2577 die
233 2543 464 2577 Verhaitnisse
505 2543 537 2575 in
569 2542 715 2584 Apulien
758 2540 831 2573 sind

914 1638 1061 1671 wegung
1086 1628 1154 1666 (ein
1173 1627 1355 1669 Autstand)
1373 1653 1381 1661 .
1399 1652 1407 1661 .
1433 1646 1477 1652 —
1503 1638 1604 1661 occa-

909 1676 1056 1714 sionem]
1086 1673 1153 1716 vgl.
1168 1675 1199 1714 4,
1214 1674 1270 1715 31,
1285 1674 1316 1706 2.

958 1722 988 1753 3.
1017 1721 1126 1760 circa]
1151 1719 1185 1751 in
1204 1718 1263 1752 der
1281 1718 1376 1752 Nahe
1403 1718 1462 1752 der
1480 1717 1600 1758 Piisse;

909 1775 936 1799 s.
953 1767 983 1806 2,
1000 1768 1029 1800 7.
1050 1785 1090 1789 -—-
1110 1764 1325 1807 utrimque-*J
1346 1774 1411 1797 von
1431 1764 1489 1797 der
1507 1763 1601 1798 Seite

910 1811 968 1844 der
993 1811 1118 1844 Romer
1151 1811 1236 1843 nach
1268 1809 1333 1843 den
1359 1809 1508 1843 Feinden
1543 1810 1601 1843 hin

910 1856 977 1889 und
1004 1855 1218 1899 umgekehrt.
1249 1875 1292 1879 ——
1319 1857 1480 1888 cunctati
1503 1857 1601 1896 sunt]

912 1902 1010 1936 beide
1036 1902 1212 1942 Parteien,
1241 1901 1306 1934 wie
1332 1911 1393 1934 aus
1417 1903 1600 1944 utrimque

910 1959 950 1981 zu
978 1947 1111 1989 folgern
1138 1948 1194 1980 ist.

955 1995 987 2026 4.
1013 1992 1153 2035 aperta]
1177 1992 1222 2024 im
1241 1991 1454 2034 Gegensatze
1472 2002 1513 2025 zu
1529 1992 1600 2024 sal-

910 2042 966 2070 tus
980 2039 1047 2071 und
1067 2039 1194 2080 iniqua
1206 2040 1278 2079 υἰα,
1293 2052 1338 2064 =
1355 2037 1444 2070 ohne
1459 2036 1600 2070 Hinder-

909 2084 961 2116 nis
987 2083 1093 2116 durch
1111 2083 1170 2115 das
1188 2082 1328 2116 Terrain
1355 2081 1424 2116 und
1442 2081 1599 2125 zugleich
1638 2089 1641 2092 “
1691 2080 1693 2082 ’

909 2129 997 2162 ohne
1013 2128 1155 2167 Gefahr3
1171 2138 1198 2161 s.
1213 2129 1244 2170 2,
1259 2129 1289 2163 6.
1305 2129 1359 2169 28,
1374 2130 1411 2168 5;
1427 2129 1481 2170 33,
1495 2129 1549 2170 37,
1561 2129 1598 2162 2:

907 2186 971 2216 per
987 2177 1113 2217 aperta
1132 2185 1242 2216 eoque
1260 2177 1337 2206 tuta
1357 2174 1447 2208 loca.
1472 2193 1515 2198 —
1541 2174 1598 2207 de-

905 2221 1095 2260 mitlmzt1*
1132 2239 1176 2243 —
1213 2222 1251 2252 in
1289 2219 1569 2262 conspectum*·.
1587 2245 1596 2255 .

906 2267 1002 2308 dala]
1031 2276 1057 2299 s.
1072 2267 1104 2307 3,
1119 2267 1172 2307 69,
1189 2267 1226 2305 9;
1247 2276 1287 2298 zu
1304 2267 1357 2307 27,
1372 2267 1495 2306 27,11.

953 2314 982 2345 5.
999 2312 1300 2354 levihusproeliis]
1315 2311 1385 2354 vgl.
1400 2311 1422 2354 ξ
1436 2312 1474 2350 6;
1494 2311 1526 2352 3,
1539 2311 1595 2351 61,

908 2360 960 2392 13.
976 2377 1018 2382 -
1028 2357 1232 2400 periculum
1248 2355 1400 2397 factum]
1419 2356 1534 2389 hierzu
1550 2356 1596 2389 ist

905 2404 959 2436 ein
975 2403 1119 2437 Genetiv
1136 2413 1176 2436 zu
1192 2402 1345 2440 denkem
1364 2401 1432 2445 vgl.
1449 2403 1479 2442 6,
1495 2402 1548 2444 22,
1562 2403 1595 2436 9.

904 2469 948 2473 -
973 2450 1174 2489 trahebant]
1208 2447 1262 2481 die
1291 2446 1435 2487 Romen-3
1468 2446 1595 2480 Roma-

905 2505 990 2527 num
1003 2495 1126 2528 vorher
1138 2494 1183 2526 ist
1196 2491 1367 2526 kollektiv
1381 2503 1422 2527 zu
1437 2493 1594 2526 nehmen.

952 2543 982 2575 6.
1009 2542 1123 2583 carpi]
1149 2549 1175 2574 S.
1194 2540 1226 2581 3,
1241 2541 1272 2581 5,
1291 2541 1317 2572 1.
