1731 2796
145 79 226 117 210

660 79 785 112 LIBER
810 79 850 113 X.
887 79 980 114 CAP.
1007 82 1062 116 45.

1383 99 1409 118 a.
1432 99 1460 120 u.
1482 93 1583 121 c.461.

145 195 445 246 occupationem
466 194 604 247 populi
620 194 789 234 Romani
811 207 883 246 pro
902 195 1110 235 occasione
1132 194 1348 235 rebellandi
1367 195 1583 237 habuisset.

93 261 110 292 4
140 252 358 302 legationes
374 252 587 298 sociorum,
610 264 631 290 a
647 252 697 290 M.
716 252 831 291 Atilio
849 258 1033 304 praetore
1055 252 1096 291 in
1118 258 1298 292 senatum
1319 253 1584 310 intron,

145 309 411 360 querebantur
432 309 494 348 uri
515 321 559 348 ac
580 309 720 348 vastari
737 321 852 360 agros
875 321 895 348 a
910 309 1086 349 finitimis
1100 309 1289 358 Etruscis,
1321 311 1428 361 quod
1457 310 1583 351 desci-

94 377 111 408 5
143 378 252 406 scere
269 378 288 405 a
306 365 456 418 populo
466 366 646 405 Romano
660 366 824 414 nollent,
843 365 1222 418 obtestabanturque
1238 372 1371 418 patres
1380 367 1585 420 conscrip-

143 430 222 471 tos,
253 430 297 462 ut
327 436 368 463 se
401 435 421 462 a
451 423 484 462 vi
519 428 635 475 atque
665 423 808 462 iniuria
840 424 1111 463 communium
1142 423 1315 463 hostium
1345 430 1584 464 tutarentur.

144 492 379 532 responsum
409 480 545 531 legatis
576 492 693 519 curae
725 481 878 520 senatui
909 482 1108 529 futurum,
1141 493 1191 520 ne
1221 481 1350 521 socios
1380 481 1471 521 fidei
1492 494 1585 522 suae

144 537 383 589 paeniteret,
400 537 659 576 Etruscorum
677 549 803 589 prope
819 537 920 577 diem
939 539 1104 577 eandem
1121 538 1320 577 fortunam
1338 550 1456 590 quam
1472 539 1584 578 Sam-

144 594 284 634 nitium
316 595 414 633 fore.
466 594 626 645 segnius
647 601 800 641 tamen,
833 595 937 646 quod
959 595 1006 634 ad
1028 595 1227 634 Etruriam
1250 595 1471 644 adtinebat,
1501 601 1586 635 acta

144 664 208 691 res
237 658 358 699 esset,
391 651 430 689 ni
453 650 624 690 Faliscos
647 663 826 702 quoque,
860 651 927 702 qui
947 664 1020 704 per
1041 652 1186 691 multos
1207 663 1334 691 annos
1354 652 1395 691 in
1418 652 1587 691 amicitia

103 735 108 751 ,
144 710 321 755 fuerant,
344 707 514 747 adlatum
537 708 639 747 foret
660 720 765 746 arma
786 707 963 748 Etruscis
984 708 1171 748 iunxisse.
1210 708 1328 748 huius
1348 709 1586 761 propinqui-

143 772 201 805 tas
222 764 359 817 populi
380 765 484 804 acuit
505 777 640 804 curam
661 764 860 816 patribus,
893 771 936 804 ut
956 765 1104 805 fetiales
1125 765 1341 805 mittendos
1364 766 1411 805 ad
1432 777 1496 805 res
1522 777 1586 805 re-

144 822 335 874 petendas
360 828 582 861 censerent.
635 822 778 872 quibus
810 835 892 861 non
913 822 1076 862 redditis
1107 835 1154 862 ex
1174 822 1407 862 auctoritate
1428 828 1586 874 patrum

110 895 112 898 >
144 880 251 920 iussu
284 879 420 931 populi
450 878 597 918 bellum
619 879 778 919 Faliscis
799 879 991 918 indictum
1013 885 1072 919 est
1095 879 1271 930 iussique
1294 880 1479 919 consules
1499 892 1585 919 sor-

144 936 228 984 tiri,
255 943 344 975 uter
374 949 419 975 ex
442 936 601 975 Samnio
633 936 672 975 in
704 936 903 976 Etruriam
934 949 1023 976 cum
1056 937 1229 976 exercitu
1259 937 1459 976 transiret.
1509 936 1584 976 iam

146 993 334 1033 Carvilius
355 993 501 1033 Veliam
528 1000 565 1033 et
587 994 863 1033 Palumbinum
896 999 935 1033 et
955 993 1246 1033 Herculaneum
1276 1006 1321 1033 ex
1345 993 1587 1033 Samnitibus

145 1057 321 1103 ceperat,
348 1050 495 1090 Veliam
517 1051 619 1090 intra
641 1063 788 1103 paucos
809 1051 911 1100 dies,
942 1051 1220 1091 Palumbinum
1243 1051 1401 1099 eodem,
1431 1063 1508 1102 quo
1539 1051 1587 1090 ad

144 1120 279 1147 muros
308 1108 482 1148 accessit.
535 1109 580 1147 ad
603 1109 896 1148 Herculaneum
928 1109 1044 1148 etiam
1071 1108 1194 1160 signis
1225 1108 1391 1148 conlatis
1423 1107 1587 1159 ancipiti

146 1165 297 1216 proelio
318 1171 355 1204 et
372 1177 462 1204 cum
479 1166 625 1204 maiore
642 1178 710 1205 sua
730 1178 847 1217 quam
864 1167 1036 1205 hostium
1053 1166 1202 1205 iactura
1216 1165 1432 1214 dimicavit3
1449 1165 1587 1205 castris

146 1221 287 1260 deinde
309 1222 446 1274 positis
467 1222 675 1261 moenibus
704 1223 858 1262 hostem
887 1223 1067 1271 inclusit;
1099 1228 1372 1275 oppugnatum
1397 1222 1588 1274 oppidum

146 1284 397 1330 captumque.
434 1279 474 1317 in
498 1279 558 1317 his
579 1279 705 1318 tribus
727 1279 892 1319 urbibus
914 1286 1024 1331 capta
1046 1286 1112 1319 aut
1132 1292 1243 1320 caesa
1265 1280 1311 1319 ad
1329 1279 1466 1318 decem
1482 1279 1587 1318 milia

146 1335 364 1382 hominum,
387 1335 438 1374 ita
459 1342 501 1374 ut
522 1348 640 1387 parvo
660 1336 870 1375 admodum
886 1337 1020 1388 plures
1042 1343 1292 1388 caperentur.
1329 1335 1588 1376 sortientibus

146 1393 368 1444 provincias
390 1392 619 1432 consulibus
635 1393 792 1432 Etruria
809 1393 971 1433 Carvilio
995 1394 1124 1432 evenit
1143 1393 1363 1433 secundum
1382 1398 1470 1431 vota
1485 1392 1586 1431 mili-

146 1456 252 1496 tum,
282 1449 349 1500 qui
369 1449 446 1488 vim
467 1449 625 1500 frigoris
653 1449 729 1488 iam
759 1450 800 1489 in
823 1450 983 1490 Samnio
1011 1463 1093 1489 non
1115 1450 1380 1501 patiebantur.
1430 1449 1587 1501 Papirio

149 1506 196 1544 ad
217 1506 434 1558 Saepinum
456 1507 581 1545 maior
601 1507 656 1546 vis
676 1507 849 1546 hostium
871 1507 1026 1546 restitit.
1077 1519 1193 1559 saepe
1214 1507 1254 1545 in
1278 1506 1379 1554 acie,
1411 1517 1527 1557 saepe
1548 1505 1588 1545 in

149 1564 327 1615 agmine,
359 1576 476 1615 saepe
508 1563 610 1603 circa
640 1563 766 1615 ipsam
796 1564 937 1604 urbem
960 1564 1143 1604 adversus
1164 1564 1395 1616 eruptiones
1414 1562 1588 1602 hostium

194 1666 225 1697 4.
269 1667 451 1706 praetore]
491 1664 542 1698 als
580 1664 834 1699 Stellvertreter

150 1709 208 1742 der
233 1708 397 1743 Konsuln.
431 1728 475 1733 —
505 1711 748 1752 introductae]
775 1711 834 1744 der

149 1755 387 1797 regelmassige
404 1755 585 1789 Ausdruck
610 1756 664 1789 ffir
687 1756 742 1790 die
756 1756 836 1789 Ein-

150 1801 297 1843 siihrung
322 1800 468 1834 sremder
488 1801 683 1835 Gesandten
708 1803 742 1835 in
769 1802 833 1836 den

151 1845 264 1881 Senah

196 1894 228 1925 5.
268 1894 484 1933 tutarentur]
526 1892 606 1925 weil
639 1893 707 1933 sie,
748 1892 833 1926 Rom

149 1937 401 1979 unterworfen,
450 1937 558 1970 selbst
600 1937 653 1971 die
698 1937 833 1971 Waffen

151 1982 244 2015 nicht
269 1982 389 2015 sfihren
416 1982 546 2016 diirfen.

197 2029 227 2061 6.
244 2028 418 2068 Faliscos]
438 2027 530 2060 diese
549 2028 660 2060 haben
677 2027 730 2061 bis
745 2029 834 2070 jetzt

150 2076 189 2111 (s.
218 2074 276 2114 12,
302 2075 333 2114 Ἰ)
365 2083 407 2105 an
439 2073 504 2106 den
529 2072 774 2115 Bewegungen
800 2075 833 2107 in

149 2117 304 2151 Etrurien
331 2117 454 2151 keinen
472 2118 587 2151 Anteil
613 2129 832 2162 genommen;

149 2163 218 2205 vgl.
244 2163 342 2197 Nieb.
368 2163 436 2197 RG.
456 2165 486 2205 3,
505 2165 581 2198 323.
606 2183 649 2188 —
675 2165 835 2197 adlatum

149 2208 255 2250 foret]
281 2220 307 2243 s.
334 2219 375 2242 zu
401 2211 430 2250 1,
449 2211 503 2251 46,
522 2210 553 2242 3.

198 2256 228 2289 8.
255 2254 428 2296 VeliamP‘
449 2274 492 2278 —
509 2256 770 2297 Palumbinum]
791 2256 834 2289 ist

153 2300 280 2334 ebenso
313 2300 513 2333 unbekannt
543 2301 608 2334 wie
640 2300 737 2334 Velia
765 2301 833 2335 und

152 2345 408 2379 Herculaneum.
457 2345 522 2379 Der
549 2345 622 2379 Mut
656 2346 714 2380 der
739 2346 834 2380 Sam-

153 2392 246 2423 niten
272 2392 316 2424 ist
333 2391 419 2424 nach
437 2391 512 2424 dem
531 2391 727 2434 Folgenden
745 2392 833 2426 noch

153 2436 369 2479 keineswegs
395 2436 600 2479 gebrechen.

200 2484 230 2515 9.
258 2482 431 2523 Veliam*

202 2529 254 2560 10.
279 2538 343 2559 sua
369 2538 474 2570 quam
500 2529 664 2570 hostium]
690 2528 759 2571 vgl.
780 2530 835 2570 44,

905 1667 943 1698 2:
969 1665 1151 1707 legionum
1167 1675 1313 1706 suaque.
1337 1683 1382 1688 —
1406 1665 1590 1697 moenibus

905 1735 912 1743 .
928 1737 935 1744 .
950 1711 1107 1751 inclusit]
1128 1710 1198 1752 vgl.
1214 1711 1268 1751 22,
1286 1711 1338 1751 16,
1352 1712 1383 1744 5.

953 1753 1020 1790 11(
1038 1767 1152 1799 parvo
1167 1782 1174 1790 .
1189 1758 1210 1797 .]
1244 1766 1359 1798 parvo
1393 1753 1526 1788 kommt
1553 1753 1588 1787 in

905 1801 1034 1835 diesem
1061 1801 1164 1835 Sinne
1189 1801 1245 1835 bei
1268 1801 1428 1834 fruheren
1446 1798 1589 1833 Schrift-

905 1847 1046 1880 stellern
1060 1847 1154 1880 nicht
1166 1857 1246 1886 vor;
1272 1846 1340 1890 vgl.
1355 1845 1442 1879 Plin.
1457 1846 1489 1888 2,
1505 1846 1588 1879 168:

902 1903 1016 1935 parvo
1050 1894 1202 1926 brevius.
1239 1911 1283 1916 —-—
1317 1893 1391 1925 vim
1421 1889 1588 1933 frigoris]

904 1939 938 1971 in
953 1938 1017 1971 den
1036 1938 1163 1971 rauhen
1183 1937 1362 1980 Gebirgen,
1380 1935 1588 1970 namentlich

905 1983 964 2016 auf
979 1983 1055 2016 dem
1072 1982 1117 2018 M.
1131 1982 1273 2024 Matese,
1292 1983 1366 2016 tritt
1383 1982 1442 2015 der
1455 1981 1588 2014 Winter

905 2029 1018 2061 srsiher
1043 2029 1109 2061 ein.
1138 2048 1183 2052 —
1209 2029 1455 2071 patiebantur]
1479 2026 1589 2059 konn-

904 2077 961 2107 ten
987 2077 1160 2116 ertragen3
1193 2073 1254 2106 das
1284 2072 1371 2106 Heer
1403 2071 1462 2105 des
1486 2070 1588 2114 Papi-

903 2119 973 2153 rius
1006 2119 1113 2152 bleibt
1145 2119 1235 2152 noch
1270 2118 1389 2161 langer
1419 2117 1454 2151 in
1491 2116 1586 2151 Sam-

903 2165 1013 2204 nium;
1040 2174 1066 2197 s.
1085 2165 1140 2205 46,
1157 2167 1185 2199 1.
1545 2202 1550 2206 ,

951 2212 1004 2243 12.
1051 2210 1100 2242 ad
1137 2209 1345 2252 Saepinum]
1382 2207 1509 2252 knfiprt
1543 2217 1587 2240 an

904 2257 959 2296 44,
978 2257 998 2289 9
1023 2265 1076 2288 an.
1109 2274 1155 2280 -—
1186 2258 1225 2288 in
1249 2256 1337 2296 acie]
1362 2254 1397 2288 in
1420 2252 1587 2296 regelma-

904 2302 1006 2344 ssiger
1030 2301 1207 2339 Schlacht;
1233 2311 1261 2334 s.
1286 2311 1329 2334 zu
1354 2302 1385 2342 5,
1410 2301 1465 2340 41,
1485 2300 1517 2332 4.
1541 2317 1586 2323 —

902 2348 942 2379 in
967 2348 1122 2389 agmine]
1148 2346 1209 2379 auf
1231 2346 1307 2379 dem
1331 2345 1498 2386 Marsehe,
1522 2343 1586 2377 ehe

903 2392 951 2425 sie
976 2403 1039 2426 vor
1063 2392 1117 2425 die
1143 2391 1242 2425 Stadt
1268 2391 1447 2429 kommen;
1478 2399 1504 2424 s.
1531 2390 1586 2431 23,

905 2439 964 2479 27,
989 2439 1025 2477 2;
1052 2437 1120 2481 vgl.
1148 2439 1209 2480 21,
1233 2438 1368 2479 57‚12;
1395 2438 1449 2478 29,
1472 2436 1526 2476 36,
1546 2436 1585 2468 4:

905 2486 942 2516 in
976 2485 1053 2526 ipso
1078 2485 1208 2516 itinere
1239 2484 1417 2524 conflixit.
1457 2500 1501 2505 —
1540 2491 1586 2512 ex

905 2531 1032 2572 aequo]
1063 2528 1218 2562 Attribut
1246 2538 1290 2562 zu
1314 2527 1459 2567 bellunm
1491 2536 1518 2560 s.
1543 2535 1585 2558 zu
