1811 2828
125 89 153 110 a.
174 81 242 109 Chr.
263 88 292 108 n.
311 80 376 109 386.

617 68 746 102 LIBER
773 68 826 102 vl.
876 69 970 103 CAP.
1000 72 1031 104 7.
1058 72 1088 105 8.
1531 70 1583 108 23

127 187 328 240 equitans:
347 181 467 238 ‘quae
484 184 655 231 tristitia,
678 185 834 233 milites,
857 186 966 233 haec,
986 198 1085 238 quae
1103 186 1259 226 insolita
1278 187 1477 227 cunctatio
1497 187 1586 228 est?
1632 223 1636 228 .

125 246 279 285 hostem
311 256 361 283 an
392 255 455 283 me
487 255 535 282 an
570 255 637 282 vos
673 241 896 294 ignoratis?
936 243 1060 283 hostis
1097 251 1156 283 est
1195 244 1286 295 quid
1331 245 1432 284 aliud
1467 258 1583 297 quam

124 308 316 355 perpetua
337 300 500 340 materia
521 299 675 340 virtutis
691 300 920 352 gloriaeque
937 299 1119 340 vestrae?
1141 313 1210 340 vos
1227 308 1366 340 contra
1388 314 1450 341 me
1472 304 1584 351 duce,

127 366 168 399 ut
190 359 365 398 Falerios
386 357 583 409 Veiosque
607 363 744 410 captos
766 364 805 397 et
826 358 864 397 in
891 365 1002 410 capta
1033 358 1159 410 patria
1183 358 1383 398 Gallorum
1405 360 1582 410 legiones

127 428 257 457 caesas
273 423 437 462 taceam,
460 416 577 455 modo
595 415 832 467 trigeminae
849 415 1035 455 victoriae
1053 416 1250 467 triplicem
1267 417 1513 469 triumphum
1536 431 1583 457 ex

125 474 184 514 his
215 474 312 526 ipsis
335 473 485 513 Volscis
518 479 557 512 et
578 473 725 525 Aequis
757 479 795 512 et
821 486 868 512 ex
889 473 1048 513 Etruria
1081 473 1227 525 egistis.

1281 486 1328 513 an
1361 486 1444 520 me,
1478 476 1582 526 quod
1616 484 1628 491 ’

125 545 207 572 non
230 531 400 571 dictator
417 530 529 570 vobis
551 531 616 570 sed
641 530 828 570 tribunus
849 530 1006 583 signum
1030 531 1135 577 dedi,
1170 544 1251 570 non
1275 531 1488 584 agnoscitis
1509 533 1582 571 du-

126 587 238 629 cem?
271 601 403 641 neque
426 588 499 640 ego
532 588 697 627 maxima
720 588 884 641 imperia
916 588 955 628 in
980 601 1048 628 vos
1070 588 1273 637 desidero,
1307 596 1343 628 et
1367 602 1434 628 vos
1455 589 1494 629 in
1520 603 1581 629 me

125 646 221 687 nihil
244 653 403 698 praeter
423 658 486 686 me
508 645 639 698 ipsum
661 646 808 686 intueri
830 646 963 695 decet3
988 658 1118 698 neque
1142 646 1248 685 enim
1271 647 1462 686 dictatura
1486 648 1581 686 mihi

124 716 314 756 umquam
335 703 490 743 animos
506 703 612 751 fecit,
635 709 678 742 ut
696 715 746 742 ne
764 703 921 743 exilium
946 703 1106 756 quidem
1127 703 1283 743 ademit.
1323 704 1440 743 iidem
1462 704 1583 756 igitur
1613 714 1631 745 6

124 774 264 802 omnes
294 774 453 809 sumus,
487 767 524 800 et
556 773 645 800 cum
669 761 806 801 eadem
829 761 962 801 omnia
985 761 1025 800 in
1058 761 1134 801 hoc
1166 761 1314 800 bellum
1346 762 1580 809 adferamus,

123 832 224 871 quae
256 819 297 859 in
328 819 460 871 priora
493 819 714 865 attulimus,
757 818 929 858 eundem
968 826 1152 858 eventum
1185 818 1278 858 belli
1314 825 1579 871 expectemus.

123 877 241 917 simul
271 876 576 924 concurreritis,
613 876 716 928 quod
751 876 919 928 quisque
952 876 1086 916 didicit
1117 889 1160 915 ac
1194 877 1411 924 consuevit,
1443 878 1579 916 faciet:

124 947 192 974 vos
216 934 402 982 vincetis,
435 934 488 973 illi
510 926 689 985 fugient.³
735 934 825 973 dato
856 934 998 974 deinde
1029 934 1143 986 signo
1176 947 1223 973 ex
1248 946 1351 986 equo
1382 934 1511 974 desilit
1540 941 1577 974 et
1603 940 1625 976 8

122 992 348 1044 proximum
381 991 616 1044 signiferum
657 1003 776 1031 manu
817 998 1020 1044 arreptum
1053 1004 1188 1031 secum
1219 991 1259 1030 in
1294 992 1446 1031 hostem
1479 993 1581 1044 rapit

119 1045 254 1097 ‘insen
271 1045 410 1097 miles',
429 1045 845 1101 clamitans‘signum'.

879 1050 983 1101 quod
996 1049 1063 1089 ubi
1074 1049 1205 1088 videre
1217 1049 1578 1102 ipsum1Camillum,
1613 1058 1629 1089 2

121 1107 197 1147 iam
220 1107 267 1146 ad
289 1118 457 1146 munera
479 1107 661 1158 corporis
690 1113 851 1146 senecta
873 1106 1108 1154 invalidum,
1142 1108 1348 1146 vadentem
1370 1107 1409 1146 in
1432 1107 1578 1153 hostes,

121 1171 370 1217 procurrunt
390 1164 539 1216 pariter
555 1177 695 1204 omnes
712 1164 885 1204 clamore
902 1164 1056 1204 sublato
1070 1160 1257 1216 ‘sequere
1279 1161 1576 1216 imperatorem²

120 1234 195 1274 pro
217 1234 258 1262 se
280 1222 450 1274 quisque
473 1221 701 1262 clamantes.

761 1223 949 1262 emissum
980 1222 1095 1261 etiam
1126 1223 1284 1274 signum
1301 1222 1449 1262 Camilli
1472 1222 1581 1262 iussu
1611 1230 1628 1262 3

121 1279 163 1319 in
194 1280 369 1319 hostium
400 1279 525 1319 aciem
557 1280 703 1326 ferunt,
737 1279 856 1331 idque
887 1286 930 1319 ut
952 1285 1203 1332 repeteretur
1226 1280 1446 1319 concitatos
1467 1287 1578 1319 ante-

123 1337 333 1388 signanos;
355 1336 410 1376 ibi
429 1337 604 1389 primum
621 1337 780 1389 pulsum
796 1338 1008 1384 Antiatem,
1032 1344 1311 1388 terroremque
1336 1350 1417 1376 non
1437 1337 1475 1376 in
1496 1338 1577 1389 pri·
1608 1345 1627 1376 4

121 1428 251 1472 spricht
276 1433 391 1462 zuerst
417 1438 458 1461 zu
484 1427 550 1461 den
573 1428 812 1471 Antesignani,

117 1485 182 1508 vor
214 1473 344 1517 denen,
378 1473 442 1507 ehe
476 1473 530 1507 die
557 1473 719 1507 Schlacht
755 1474 812 1507 be-

119 1529 228 1563 gam,
263 1519 318 1553 die
351 1519 491 1553 Fahnen
524 1519 686 1560 standen,
723 1519 811 1552 dann

118 1577 161 1600 zu
179 1566 245 1600 den
264 1565 449 1609 folgenden
470 1565 631 1599 Gliedern
655 1565 813 1607 (ordines

119 1613 394 1655 interequitans)
407 1625 414 1650 ;
431 1622 456 1645 S.
468 1613 500 1652 8,
511 1613 541 1652 8,
551 1613 582 1645 4.
593 1614 672 1645 7.-
691 1613 812 1644 obver-

118 1658 192 1699 sus]
216 1658 252 1691 in
268 1657 375 1691 Prosa
401 1657 495 1690 wohl
520 1662 634 1691 zuerst
657 1668 723 1690 von
741 1657 813 1690 Liv.

121 1703 321 1747 gebraucht.
338 1722 381 1727 —
399 1714 491 1745 quae
505 1705 654 1736 tristitia
669 1728 677 1736 .
693 1730 699 1736 .
715 1705 812 1744 haee]

121 1748 342 1792 gewohnlich
360 1749 453 1782 steht
469 1749 503 1782 in
522 1749 663 1782 solchen
681 1748 812 1792 Fragen

120 1795 181 1829 der
198 1795 483 1837 Verwunderung
507 1795 592 1828 siber
617 1799 726 1828 etwas
745 1794 812 1828 Un-

121 1845 323 1875 erwartetes
335 1840 397 1874 das
411 1840 615 1874 Substantiv
634 1841 720 1874 nach
745 1841 811 1874 den

119 1887 246 1921 beiden
254 1886 459 1921 Pronomina
469 1888 544 1929 (qui
558 1888 626 1929 hic,
639 1889 716 1925 iste,
725 1887 810 1927 ille);

119 1943 146 1967 s.
164 1935 219 1975 40,
232 1934 290 1971 18:
311 1935 342 1975 7,
353 1935 406 1972 34,
423 1934 481 1972 13;
500 1934 555 1974 40,
571 1935 602 1975 8,
616 1935 646 1967 2.
673 1933 809 1966 Ebenso

118 1979 165 2013 ist
189 1979 244 2012 die
269 1978 524 2021 Wortstellung
557 1979 591 2012 in
624 1981 735 2012 hostis
760 1982 812 2011 est

119 2025 337 2068 quidalz'ud.
353 2052 361 2060 .
381 2025 660 2067 ungewehnlich.
675 2045 719 2049 —
735 2036 811 2057 ma-

120 2073 226 2113 teria]
252 2081 278 2104 s.
307 2070 375 2104 Cic.
403 2082 434 2115 p.
453 2069 524 2104 Mil.
546 2072 606 2105 35:
635 2071 809 2112 Clodium,

118 2127 231 2203 >2555
233 2120 320 2196 ‘²143'ss
339 2119 710 2203 ffifflfss'3?⁷z;}²55.‘²
725 2118 813 2206 {Aa

119 2209 224 2242 aliud
252 2219 360 2252 quam
386 2209 561 2251 praedam
590 2211 811 2250 victoribus;

117 2255 189 2298 vgl.
216 2260 321 2288 unten
347 2256 401 2295 22,
416 2256 447 2288 6.

166 2303 198 2334 4.
212 2300 392 2344 Falerios]
411 2310 437 2333 S.
452 2302 483 2342 5,
494 2302 548 2342 27,
565 2302 617 2335 11.
632 2319 676 2324 —
690 2300 809 2341 Veios]

84 2347 89 2351 ⁴
120 2357 146 2381 S.
181 2350 212 2388 5,
235 2348 291 2387 21,
313 2348 366 2380 14.
391 2365 438 2371 ——
462 2350 584 2389 captos
617 2371 624 2379 .
650 2372 658 2380 .
692 2348 810 2389 capta]

119 2392 298 2426 Ghiasmus
308 2391 377 2425 und
384 2391 587 2432 Traductio;
603 2391 656 2425 die
675 2391 811 2425 Konstr.

120 2438 187 2472 wie
211 2440 243 2477 4,
263 2440 295 2472 8.
319 2457 365 2462 —
395 2440 621 2480 trigeminae]
649 2448 676 2471 s.
706 2441 735 2479 1,
757 2439 810 2479 25,

120 2486 159 2522 1;
194 2483 289 2517 mehr
314 2483 520 2517 dichterisch
546 2485 596 2517 als
621 2484 680 2517 das
707 2494 812 2527 syno-

118 2539 222 2572 nyme
247 2529 391 2572 triplex.
419 2548 459 2554 —
487 2533 522 2562 et
543 2531 689 2572 Aequis]
716 2530 805 2562 ohne

120 2573 349 2619 Prapositiom
373 2576 455 2609 weil
477 2576 538 2617 sie,
565 2577 631 2608 wie
650 2585 686 2609 es
712 2580 809 2608 sonst

884 1428 1105 1470 gewdhnlich
1130 1427 1189 1461 der
1212 1427 1283 1461 Fall
1313 1439 1398 1469 war,
1424 1428 1486 1461 mit
1511 1427 1576 1461 den

884 1473 1055 1507 Volskern
1082 1473 1281 1507 verbunden
1317 1473 1463 1517 gedacht
1490 1484 1577 1507 wer-

884 1519 965 1557 den;
1004 1521 1034 1560 2,
1064 1522 1105 1553 14
1130 1519 1206 1552 sind
1232 1520 1282 1553 sie
1308 1530 1374 1553 von
1403 1520 1467 1553 den
1494 1520 1578 1553 letz-

887 1571 981 1599 teren
1008 1569 1175 1608 getrennt.

932 1615 962 1645 5.
988 1614 1133 1654 signum
1162 1611 1254 1652 dede]
1291 1610 1350 1644 das
1384 1613 1435 1652 12,
1463 1614 1480 1645 'a'
1516 1612 1574 1645 be-

885 1657 1063 1691 zeichnete
1081 1660 1236 1699 signum,
1255 1655 1410 1700 dagegen
1430 1659 1460 1694 3,
1479 1660 1492 1691 1
1515 1657 1574 1690 das

885 1703 990 1736 durch
1028 1703 1081 1736 die
1115 1702 1211 1736 Tuba
1249 1702 1456 1743 (classicum)
1497 1714 1573 1737 zum

882 1748 1020 1792 Angrifl'
1041 1749 1228 1792 gegebene.

931 1808 961 1841 6.
988 1807 1109 1848 iidem]
1137 1816 1163 1839 s.
1190 1808 1244 1847 40,
1265 1807 1397 1847 27,15:
1424 1806 1572 1846 eosdem,

882 1855 1056 1895 quiantea
1066 1851 1217 1892 fuerint,
1231 1878 1238 1886 .
1250 1877 1258 1884 .
1274 1863 1355 1885 esse.
1369 1871 1412 1876 -
1425 1853 1573 1885 eundem

882 1901 1055 1940 eventum]
1072 1898 1140 1941 vgl.
1161 1900 1215 1937 24,
1231 1899 1286 1940 42,
1301 1900 1332 1931 Τ.
1350 1917 1394 1921 -
1413 1900 1572 1941 quisque]

876 1944 976 1987 jeder
1008 1944 1163 1978 einzelne
1197 1944 1258 1977 aus
1288 1943 1410 1977 beiden
1438 1943 1571 1982 Seiten;

882 2001 907 2024 s.
929 1992 982 2031 15,
997 1991 1028 2024 3.
1046 2011 1092 2014 —
1110 1992 1305 2031 consuevit]
1325 1990 1426 2022 naml.
1440 1990 1571 2030 facet-e.

927 2048 964 2083 8.
993 2050 1021 2081 1.
1044 2046 1153 2089 infer,
1170 2048 1282 2088 miles,
1309 2042 1572 2090 sz'gnan‘vor-

882 2095 997 2135 warts,
1024 2087 1227 2128 SoldatenI'

928 2152 959 2184 2.
986 2151 1142 2184 elamore
1172 2151 1325 2192 sublato]
1352 2151 1394 2183 ist
1424 2150 1482 2182 der
1515 2159 1572 2191 ge-

882 2196 1077 2230 wohnliche
1091 2196 1274 2229 Ausdruek
1291 2196 1343 2229 fiir
1361 2195 1420 2229 das
1436 2195 1571 2237 Kriegs-

882 2243 1054 2286 geschrei,
1085 2243 1278 2275 clamantes
1310 2241 1368 2274 der
1400 2241 1485 2274 eben
1520 2251 1570 2273 er-

882 2290 1021 2322 wahnte
1047 2288 1160 2321 Zuruf.
1187 2307 1230 2312 —
1247 2297 1392 2329 sequere
1417 2288 1570 2327 impera—

883 2337 1005 2375 torem]
1026 2329 1118 2367 ‘dem
1145 2333 1328 2366 Feldherrn
1354 2329 1473 2365 nach!’

927 2393 958 2424 3.
975 2393 1150 2431 emissum]
1167 2390 1231 2423 wie
1247 2392 1277 2430 3,
1289 2391 1342 2431 70,
1355 2391 1404 2423 10.
1415 2408 1458 2413 —
1472 2392 1569 2422 ante-

880 2439 1064 2479 signanos]
1080 2437 1146 2469 und
1163 2437 1460 2478 nachherzprima
1475 2437 1569 2468 acies

880 2498 924 2509 =
946 2483 1000 2515 die
1026 2481 1157 2514 Hastati
1183 2481 1250 2514 und
1278 2481 1470 2524 Principes,
1502 2482 1567 2514 wie

882 2531 901 2568 ‚Q
922 2530 958 2561 4:
983 2527 1195 2560 subsz'diarc'i
1220 2527 1273 2560 die
1292 2526 1455 2566 Triarier;
1482 2537 1508 2561 S.
1535 2528 1567 2567 4,

881 2575 934 2616 28,
961 2574 996 2612 2;
1025 2574 1099 2615 S,8,
1115 2574 1145 2606 4.
