1779 2828
91 101 118 123 a.
135 93 205 122 Chr.
225 101 254 122 n.
274 93 334 121 361.
1403 55 1408 60 Π
1453 81 1532 120 123

556 81 681 116 LIBER
705 80 773 114 vu.
822 80 917 116 CAP.
943 83 973 115 9.
1003 85 1055 118 10.

90 211 230 238 omnes
260 198 435 238 iuniores
463 203 710 236 sacramento
740 196 869 249 adegit
896 196 1128 249 ingentique
1160 199 1333 238 exercitu
1364 198 1412 238 ab
1435 198 1534 238 urbe

92 256 294 308 profectus
314 255 355 294 in
378 254 560 294 citeriore
581 254 666 306 ripa
687 254 851 294 Anienis
873 260 1000 293 castra
1030 254 1176 306 posuit.
1218 268 1320 306 pons
1342 256 1382 295 in
1404 257 1534 296 medio
1566 263 1585 294 7

93 319 176 352 erat
196 311 347 352 neutris
363 323 452 351 eum
470 311 761 364 rumpentibus,
785 324 835 351 ne
853 311 1004 351 timoris
1020 311 1208 351 indicium
1228 319 1342 352 esset.
1385 314 1535 364 proelia

91 370 139 410 de
171 369 401 420 occupando
432 375 556 420 ponte
579 368 719 408 crebra
742 374 867 416 erant,
891 381 980 415 nec,
1012 369 1078 420 qui
1100 376 1348 432 poterentur,
1371 370 1535 410 incertis

90 426 239 466 viribus
260 425 353 466 satis
374 425 546 465 discerni
567 433 736 478 poterat.
779 432 863 465 tum
887 426 1027 465 eximia
1049 426 1229 478 corporis
1260 427 1535 478 magnitudine
1566 434 1584 467 S

91 484 131 523 in
162 495 329 551 vacu‘um
358 489 530 550 pontem
554 483 688 523 Gallus
697 483 909 551 processit
942 489 991 531 et,
1025 490 1217 534 quantum
1248 484 1415 523 maxima
1439 497 1535 524 voce

90 540 232 593 potuit,
251 536 387 592 ‘quem
410 533 530 580 nune'
550 540 681 592 inquit
697 535 840 580 ‘Roma
860 553 919 579 vu
922 552 988 579 um
1010 540 1269 580 fortissimum
1289 541 1417 589 habet,
1440 554 1534 594 pro-

88 598 214 645 cedat,
240 597 420 648 agedum,
451 598 499 636 ad
521 610 708 664 pugnam,
737 604 781 638 ut
800 604 936 637 noster
956 598 1128 637 duorum
1153 604 1316 638 eventus
1343 599 1535 646 ostendat,

89 660 178 694 utra
199 667 298 706 gens
318 653 423 694 bello
444 654 493 695 sit
513 648 676 694 melior.
722 655 789 694 diu
818 655 924 694 inter
952 655 1146 707 primores
1175 655 1362 695 iuvenum
1390 656 1533 695 Roma·
1558 659 1606 695 10

90 724 236 751 norum
267 712 467 752 silentium
498 712 584 759 suit,
617 724 707 751 cum
738 718 777 751 et
808 712 983 752 abnuere
1015 718 1214 752 certamen
1241 720 1475 753 vererentur
1497 719 1536 753 et

89 769 345 821 praecipuam
372 775 519 809 sortem
550 769 715 821 periculi
742 775 879 821 petere
914 769 1089 818 nollent3
1120 776 1203 808 tum
1237 769 1281 809 T.
1304 770 1472 810 Manlius
1493 770 1537 810 L.
1569 778 1586 810 2

91 827 140 873 f.‚
172 826 241 878 qui
269 833 422 878 patrem
452 839 472 865 a
501 827 706 866 vexatione
735 826 948 866 tribunicia
977 827 1261 874 vindicaverat,
1293 840 1339 866 ex
1367 828 1537 867 statione

92 883 140 922 ad
171 883 405 923 dictatorem
435 883 577 935 pergit.
633 884 805 924 ‘iniussu
836 879 925 923 tu0³
959 884 1108 935 inquit,
1138 879 1395 936 ‘imperator,
1428 891 1536 924 extra

92 941 273 980 ordinem
295 953 510 1004 numquam
532 941 805 993 pugnaverim,
828 954 910 980 non
927 941 958 981 si
977 948 1124 981 certam
1140 942 1345 981 victoriam
1362 941 1535 991 videan1;

91 998 123 1037 si
144 1004 186 1038 tu
206 997 412 1050 permittis,
434 998 522 1037 volo
545 1010 618 1050 ego
639 998 695 1037 illi
716 998 856 1037 beluae
879 999 1100 1045 ostendere,
1124 999 1282 1050 quando
1306 999 1402 1038 adeo
1426 1000 1537 1039 ferox
1567 1007 1585 1039 3

91 1055 308 1107 praesultat
323 1055 497 1095 hostium
513 1055 650 1108 signis,
667 1068 730 1094 me
752 1069 800 1095 ex
821 1068 865 1095 ea
886 1056 1030 1094 familia
1049 1062 1193 1104 onum,
1217 1068 1316 1107 quae
1335 1056 1536 1096 Gallorum

89 1124 231 1165 agmen
264 1125 311 1152 ex
340 1125 440 1165 rupe
473 1112 637 1165 Tarpeia
663 1107 828 1152 deiecit?
890 1119 976 1152 tum
1001 1113 1169 1152 dictator
1195 1108 1339 1153 ‘macte
1369 1108 1533 1153 virtute’
1567 1121 1586 1153 4

91 1224 303 1267 plfitzlicher‚
329 1225 558 1267 gefahrvoller
583 1224 696 1268 Krieg,
722 1225 777 1258 bei

91 1270 169 1303 dem
203 1270 292 1304 ohne
322 1270 377 1303 die
411 1270 673 1313 gewohnlichen
700 1271 779 1304 For-

91 1316 270 1350 malitaten
288 1326 359 1349 wer
382 1316 501 1359 irgend
525 1317 677 1360 tauglieh
696 1327 778 1359 war,

92 1362 180 1395 auch
223 1372 301 1395 vom
343 1361 578 1405 Kriegsdienst
617 1362 778 1404 Befreite,

92 1406 371 1450 Sechzigjahrige
412 1418 515 1448 uSW.‚
556 1409 777 1451 ausgehoben

89 1452 160 1486 und
175 1453 344 1496 vereidigt
361 1453 519 1492 wurden;
541 1464 566 1487 s.
582 1455 635 1496 32,
650 1455 705 1495 26,
719 1457 777 1494 11;

90 1497 160 1532 Cic.
176 1497 264 1532 Phil.
291 1500 322 1540 8,
341 1501 378 1533 3:
404 1501 558 1532 maiores
582 1502 700 1532 nostri
724 1503 779 1533 tu-

89 1544 240 1577 multum
269 1545 452 1587 Italicum,
487 1545 583 1587 quod
611 1549 690 1578 erat
719 1546 779 1579 do-

89 1592 264 1632 mesticus,
278 1590 470 1623 tumultum
483 1590 668 1634 Gallicum,
683 1592 779 1634 quod

91 1639 172 1668 erat
199 1635 326 1668 Italiae
356 1635 552 1678 finitimus,
585 1640 778 1679 praeterea

90 1681 230 1714 nullum
253 1683 498 1715 nominabant.
538 1684 692 1724 gravius
716 1694 778 1715 au-

92 1730 159 1759 tem
193 1727 385 1760 tumultum
415 1738 487 1759 esse
511 1738 618 1770 quam
651 1728 778 1760 bellum

91 1773 175 1805 hine
205 1773 368 1815 intellegi
393 1776 527 1816 potest,
561 1774 657 1815 quod
688 1774 777 1807 bello

89 1820 293 1851 vacationes
332 1819 470 1860 valent,
511 1819 666 1851 tumultu
705 1830 779 1852 non

90 1865 226 1903 valent3
261 1863 349 1897 doch
374 1864 575 1897 bezeichnet
604 1866 779 1898 tumultus

91 1909 179 1943 auch
203 1909 303 1943 einen
336 1909 500 1952 pl6tzlich
527 1910 776 1944 entstandenen

91 1954 314 1997 Kriegslarm,
346 1955 405 1988 der
435 1955 531 1989 mehr
558 1955 778 1999 Verwirrung

91 2000 142 2034 als
159 2000 284 2034 Gefahr
300 2001 433 2044 bringt;
459 2012 485 2035 s.
501 2003 533 2042 2,
547 2003 600 2042 26,
616 2004 651 2041 1;
677 2004 707 2042 5,
723 2004 777 2042 37,

92 2047 124 2081 8.
141 2065 187 2071 —
209 2048 402 2089 iustitium]
429 2057 454 2080 s.
471 2048 571 2088 6,12.
590 2067 635 2071 ——
662 2058 780 2080 omnes

92 2093 254 2125 iuniores
271 2119 278 2126 .
293 2094 315 2133 .]
341 2092 445 2125 kurze
459 2091 701 2136 Bezeichnung
718 2093 778 2127 des

95 2138 354 2170 tumultuarius
378 2139 544 2178 dilectus-3
570 2149 596 2172 s.
618 2140 648 2178 6,
667 2140 721 2181 38,
741 2140 778 2178 8;

94 2184 125 2223 9,
139 2184 194 2225 29,
207 2185 244 2222 4;
270 2185 324 2224 32,
339 2185 393 2225 26,
408 2186 461 2217 11.

138 2230 169 2263 7.
195 2231 307 2270 eum*]
338 2239 364 2263 s.
392 2231 422 2271 1,
448 2230 502 2271 28,
529 2231 581 2263 10.
630 2228 690 2263 Die
716 2229 780 2263 fol-

93 2273 203 2316 gende
217 2273 441 2317 Schilderung
454 2274 534 2307 sand
553 2275 636 2315 sich,
649 2275 779 2317 jedoch

93 2319 154 2352 mit
177 2320 342 2353 manchen
367 2320 662 2363 Abweichungen,
691 2321 778 2354 auch

93 2363 148 2398 bei
173 2364 333 2399 Claudius
358 2365 617 2408 Quadrigarius;
644 2376 670 2400 S.
691 2366 778 2400 Gell.

95 2419 125 2444 a.
139 2420 169 2443 a.
189 2409 227 2444 0.
243 2429 289 2435 -—
301 2411 442 2453 proelia
460 2436 469 2445 .
488 2414 508 2452 .]
541 2411 662 2445 anders
681 2412 779 2445 Clau-

95 2453 189 2488 dius:
222 2458 254 2488 is
277 2456 427 2499 (Gallus)
455 2459 612 2490 maxime
636 2457 777 2500 proelio

97 2504 257 2534 conmoto
293 2505 399 2544 atque
434 2505 598 2545 utrisque
631 2530 638 2536 .
670 2528 678 2536 .
710 2513 779 2545 pu-

93 2548 288 2587 gnantibus
304 2557 414 2580 manu
437 2548 647 2590 significare
664 2550 780 2591 coepit

847 1227 1023 1267 utrisque,
1042 1226 1272 1268 quiescerent.
1299 1236 1444 1268 pugnae
1461 1225 1538 1265 fae-

849 1274 885 1303 ta
903 1281 1018 1313 pausa
1039 1273 1099 1303 est.
1118 1289 1163 1295 —
1189 1273 1263 1314 qui]
1287 1276 1370 1305 statt
1389 1273 1483 1311 ntri;
1510 1282 1536 1306 s.

848 1318 901 1359 35,
917 1319 951 1355 2;
979 1327 1019 1349 zu
1037 1319 1065 1357 1,
1082 1318 1112 1357 6,
1127 1318 1158 1350 4.
1179 1337 1223 1340 -
1237 1320 1461 1359 poterentur]
1479 1317 1538 1351 be-

848 1363 969 1404 sitzen,
985 1362 1180 1405 hehaupten
1195 1363 1356 1401 wiirdem
1371 1373 1397 1396 s.
1413 1365 1468 1406 25,
1485 1366 1536 1405 11,

849 1410 907 1447 17;
933 1408 1017 1441 fiber
1035 1407 1089 1441 die
1108 1408 1206 1441 Form
1232 1418 1258 1441 S.
1278 1419 1318 1442 zu
1338 1410 1392 1449 23,
1406 1411 1460 1449 43,
1479 1411 1536 1448 13;

847 1454 932 1487 iiber
953 1453 1013 1487 das
1032 1452 1183 1497 Tempus
1209 1464 1235 1487 s.
1251 1456 1281 1493 2,
1297 1456 1350 1495 55,
1367 1457 1396 1489 9.
1415 1473 1459 1478 —
1485 1457 1538 1487 in-

848 1501 965 1540 certis]
992 1510 1017 1532 s.
1034 1502 1064 1540 4,
1080 1502 1111 1539 6,
1126 1501 1156 1533 2.

895 1547 925 1579 8.
952 1545 1120 1585 discerni]
1140 1544 1413 1587 unterscheiden,
1440 1545 1539 1579 heur-

848 1590 963 1624 teilen.
983 1610 1028 1615 —
1048 1591 1312 1633 magnitudine]
1338 1591 1406 1633 vgl.
1434 1590 1536 1625 Gell.:

849 1638 912 1679 qui
937 1639 971 1668 et
994 1638 1133 1668 viribus
1163 1639 1197 1668 et
1225 1637 1474 1678 magnitudine
1499 1663 1506 1670 .
1528 1663 1537 1672 .

849 1683 1056 1715 antistabat.
1088 1701 1133 1704 —
1167 1684 1350 1723 quantum]
1392 1682 1437 1715 ist
1476 1682 1537 1715 mit

842 1729 966 1770 potuit
990 1737 1032 1760 zu
1049 1727 1251 1765 verbinden;
1278 1737 1305 1760 s.
1320 1727 1387 1760 Cic.
1406 1727 1448 1760 ad
1466 1728 1535 1762 Att.

851 1775 904 1814 15,
922 1774 976 1814 26,
995 1774 1030 1805 3:
1056 1775 1107 1814 ut,
1132 1775 1306 1815 quantum
1330 1774 1433 1806 homo
1455 1784 1536 1816 pos-

847 1820 904 1860 sit,
927 1829 1034 1861 quam
1051 1820 1252 1850 cautissime
1269 1821 1452 1860 navigem
1479 1829 1537 1862 ge-

847 1864 1022 1897 wohnlich
1041 1869 1118 1906 sagt
1135 1864 1250 1897 Livius
1269 1867 1424 1907 quantus
1440 1865 1537 1906 (oder

849 1912 968 1953 quam)
985 1912 1167 1942 mamimus
1184 1910 1265 1943 oder
1283 1914 1439 1952 quantus
1463 1921 1536 1943 ma-

845 1957 960 1993 xz'7ne;
987 1965 1013 1989 S.
1028 1957 1059 1996 9,
1076 1958 1128 1995 10,
1147 1958 1203 1994 10;
1225 1957 1277 1996 10,
1291 1958 1345 1997 40,
1361 1957 1379 1990 8
1398 1967 1430 1990 u.
1445 1966 1473 1989 a.
1491 1975 1536 1981 —·

846 2005 969 2034 noster
993 2002 1159 2041 duorum]
1186 2011 1211 2036 S.
1226 2003 1281 2042 40,
1296 2003 1331 2039 9;
1359 2003 1389 2043 6,
1405 2003 1459 2042 23,
1473 2004 1504 2036 9.

893 2046 953 2082 10.
980 2049 1009 2080 1.
1033 2047 1278 2090 praecipuam]
1311 2057 1338 2080 s.
1359 2049 1482 2090 44,41‚
1500 2049 1535 2086 1:

846 2092 915 2136 vgl.
942 2094 973 2134 6,
990 2095 1042 2133 11,
1058 2095 1088 2126 5.

895 2140 925 2172 2.
952 2141 1057 2170 eoetra
1084 2139 1256 2180 ordinem]
1282 2149 1309 2173 S.
1331 2140 1361 2179 8,
1377 2139 1408 2178 6,
1424 2140 1476 2172 16.
1503 2141 1535 2179 7,

850 2186 902 2218 15.
918 2203 961 2207 —
975 2195 1048 2216 non
1061 2186 1105 2225 εἴ]
1120 2200 1164 2212 =
1177 2196 1221 2216 ne
1235 2187 1309 2216 tum
1326 2184 1478 2226 quidem,
1492 2186 1534 2217 si.

895 2231 926 2262 3.
951 2231 1028 2271 ego]
1060 2230 1105 2262 im
1139 2229 1352 2272 Gegensatze
1383 2240 1424 2262 zu
1457 2228 1534 2262 dem

848 2275 992 2318 fibrigen
1012 2274 1130 2310 Heere.
1158 2294 1197 2299 -—
1225 2274 1344 2314 fer-om]
1371 2284 1397 2307 s.
1423 2273 1534 2308 Praef.

850 2323 903 2355 11.
928 2340 974 2344 —
1000 2320 1213 2363 praesultat]
1245 2319 1534 2366 ποομαχίζεται,

847 2367 910 2399 mit
928 2365 1004 2398 dem
1022 2364 1271 2407 Nebenbegriff
1292 2365 1351 2398 des
1370 2364 1534 2399 Veracht-

846 2411 976 2444 lichen
970 2437 976 2449 ,
992 2420 1018 2444 S.
1029 2411 1060 2452 2,
1070 2411 1124 2452 36,
1133 2412 1168 2449 2;
1181 2421 1243 2443 nur
1253 2410 1325 2443 hier
1334 2410 1532 2453 gebraucht.

846 2476 892 2480 —
922 2466 1013 2498 quae
1044 2481 1052 2488 .
1083 2458 1105 2496 .]
1139 2455 1435 2498 verallgemeinert
1467 2456 1532 2490 den

847 2501 969 2534 Ruhm.

894 2548 925 2579 4.
950 2548 1074 2586 macte]
1109 2556 1135 2579 s.
1161 2556 1202 2579 zu
1219 2547 1250 2588 2,
1267 2548 1319 2587 12,
1336 2548 1388 2581 14.
1410 2566 1453 2570 —
1477 2549 1533 2580 in-
