1731 2796
110 682 146 714 12

109 966 145 998 14

181 105 261 144 202
668 105 794 139 LIBER
819 105 858 140 X.
896 105 990 140 CAP.
1017 108 1070 139 40.
1097 107 1150 140 41.
1422 120 1449 142 a.
1468 123 1498 144 u.
1519 124 1545 144 c.
1559 117 1620 145 461.

179 220 378 259 altercatio
411 220 516 259 iuter
545 221 733 272 pullarios
766 228 849 268 orta
880 221 926 260 de
949 220 1125 272 auspicio
1158 220 1240 260 eius
1262 220 1337 260 diei
1360 220 1619 272 exauditaque

179 277 225 316 ab
245 277 442 328 equitibus
459 277 658 325 Romanis,
682 279 748 330 qui
766 291 847 318 rem
871 278 973 317 haud
995 278 1259 329 spernendam
1278 278 1350 317 rati
1366 278 1431 331 Sp.
1450 277 1620 329 Papirio,

131 349 147 366 ω
178 334 307 373 fratris
334 334 413 373 filio
436 335 629 381 consulis,
653 336 796 387 ambigi
819 336 865 375 (le
888 334 1063 386 auspicio
1085 335 1427 374 renuntiaverunt.
1468 334 1621 374 iuvenis

179 399 269 430 ante
288 391 507 430 doctrinam
531 392 623 432 deos
645 399 901 444 spernentem
929 397 1043 431 natus
1065 403 1147 430 rem
1171 392 1420 443 inquisitam,
1454 404 1504 431 ne
1527 390 1620 443 quid

133 456 143 486 2
179 449 455 500 inconpertum
479 449 669 495 deferret,
692 450 736 488 ad
761 449 964 489 consulem
988 448 1138 487 detulit.
1186 449 1250 488 cui
1271 449 1356 488 ille:
1375 445 1437 489 ‘tu
1461 449 1619 500 quidem

178 512 304 544 inacte
334 505 476 544 virtute
502 506 781 557 diligentiaque
805 507 908 546 esto!
942 512 1116 545 ceterum
1142 507 1207 556 qui
1230 506 1404 557 auspicio
1427 505 1555 553 adest,
1588 505 1620 544 si

179 562 269 613 quid
293 562 375 601 salsi
401 563 575 610 nuntiat,
606 563 645 602 in
669 570 791 602 semet
812 564 940 614 ipsum
964 562 1195 614 religionem
1218 562 1378 615 recipit;
1410 562 1505 602 mihi
1533 562 1620 614 qui-

178 620 265 658 dem
281 618 495 671 tripudium
516 619 753 667 nuntiatum,
771 620 919 671 populo
933 620 1112 658 Romano
1130 620 1397 671 exercituique
1416 619 1619 671 egregium

176 676 416 727 auspicium,
450 673 531 715 est.³
585 677 888 716 centurionibus
920 675 1061 715 deinde
1092 675 1318 727 imperavit,
1349 677 1406 715 uti
1430 676 1618 728 pullarios

178 733 281 771 inter
302 732 426 783 prima
450 733 560 783 signa
593 733 894 773 constituerent.
945 738 1183 784 promovent
1208 738 1244 771 et
1267 733 1462 772 Samnites
1485 733 1617 783 signa3

177 789 402 840 insequitur
428 790 531 829 acies
554 797 691 829 ornata
714 796 962 841 armataque,
993 795 1037 828 ut
1058 788 1239 828 hostibus
1261 801 1421 841 quoque
1441 790 1619 841 magnifi-

177 859 264 885 cum
297 847 564 897 spectaculum
588 853 703 886 esset.
752 847 981 898 priusquam
1005 846 1154 886 clamor
1175 846 1382 885 tolleretur
1403 858 1619 886 concurre-

177 910 378 954 returque,
412 904 552 943 emisso
574 911 721 953 temere
744 904 823 956 pilo
855 904 957 949 ictus
988 903 1178 955 pullarius
1209 910 1301 942 ante
1329 903 1442 955 signa
1464 903 1617 943 cecidit.

176 961 280 1011 quod
299 960 363 999 ubi
384 961 536 1000 consuli
554 961 780 1000 nuntiatum
798 967 868 1008 est,
887 957 941 1000 ‘di
962 960 1000 999 in
1022 960 1174 1013 proelio
1192 954 1295 1000 sunt'
1315 960 1465 1012 inquit3
1479 959 1619 1000 ‘habet

178 1029 346 1068 poenam
365 1017 526 1056 noxium
545 1015 686 1070 caput?
711 1024 802 1057 ante
820 1017 1024 1058 consulem
1043 1017 1140 1056 haec
1153 1016 1348 1057 dicentem
1367 1030 1507 1057 corvus
1523 1029 1617 1056 voce

177 1074 278 1113 clara
306 1074 501 1123 occinuit;
536 1088 613 1126 quo
636 1076 759 1114 laetus
781 1075 947 1126 augurio
973 1074 1134 1120 consul,
1166 1074 1379 1114 adfirmans
1400 1087 1617 1126 numquam

175 1131 357 1170 humanis
379 1131 497 1171 rebus
519 1132 641 1183 magis
662 1138 892 1184 praesentes
914 1131 1140 1171 interfuisse
1156 1131 1264 1179 deos,
1286 1131 1397 1183 signa
1415 1143 1558 1171 canere
1580 1138 1617 1171 et

108 1188 155 1223 41
177 1188 386 1227 clamorem
404 1188 486 1226 tolli
510 1189 633 1228 iussit.
671 1189 866 1240 proelium
884 1189 1135 1228 commissum
1153 1194 1278 1235 atrox,
1300 1194 1476 1228 ceterum
1498 1188 1617 1240 longe

126 1419 143 1442 o

126 1442 143 1451 a.

128 1534 143 1549 ξι

126 1550 144 1564 υ

175 1244 397 1296 disparibus
418 1245 575 1284 animis:
610 1245 810 1285 Romanos
841 1246 917 1293 ira,
950 1258 1061 1297 spes,
1095 1246 1212 1284 ardor
1238 1245 1464 1285 certaminis
1485 1246 1617 1285 avidos

174 1302 344 1341 hostium
364 1302 569 1352 sanguinis
587 1303 623 1341 in
644 1303 837 1354 proelium
861 1303 984 1354 rapit;
1008 1302 1241 1341 Samnitium
1259 1314 1442 1354 magnam
1464 1308 1616 1354 partem

176 1359 385 1398 necessitas
404 1371 447 1397 ac
465 1358 600 1410 religio
623 1359 764 1398 invitos
786 1360 909 1409 magis
930 1358 1113 1398 resistere
1136 1371 1251 1409 quam
1274 1359 1424 1398 inferre
1439 1371 1613 1411 pugnam

175 1416 290 1467 cogit.
335 1428 408 1454 nec
434 1416 716 1455 sustinuissent
746 1416 916 1467 primum
946 1415 1157 1454 clamorem
1187 1422 1303 1466 atque
1324 1416 1514 1468 impetum
1535 1416 1615 1455 Ro-

174 1484 395 1519 manorum,
419 1484 491 1523 per
512 1472 660 1523 aliquot
682 1473 755 1511 iam
779 1485 905 1512 annos
926 1473 1029 1511 vinci
1051 1472 1214 1519 adsueti,
1238 1472 1279 1511 ni
1295 1473 1498 1524 potentior
1518 1473 1615 1512 alius

174 1535 301 1569 metus
316 1529 494 1568 insidens
511 1529 740 1580 pectoribus
761 1542 781 1568 a
804 1530 894 1581 suga
916 1529 1118 1569 retineret.
1155 1529 1303 1581 quippe
1324 1529 1365 1568 in
1385 1529 1509 1569 oculis
1531 1536 1614 1569 erat

176 1586 304 1626 omnis
325 1586 388 1625 ille
412 1586 555 1626 occulti
578 1592 790 1639 apparatus
811 1587 912 1626 sacri
942 1592 979 1626 et
1000 1585 1137 1625 armati
1158 1585 1381 1626 sacerdotes
1405 1592 1444 1626 et
1464 1586 1615 1638 promi·

220 1689 273 1721 10.
300 1689 380 1718 ante
406 1687 608 1719 doctrinam
625 1711 633 1720 .
652 1689 673 1728 .]
701 1697 726 1723 s,
750 1688 782 1729 3,
804 1688 858 1728 20,
929 1688 959 1727 9,
979 1688 1032 1727 30,
1050 1688 1082 1720 4.
1108 1705 1153 1709 -
1177 1686 1370 1727 Ιιοείἱὺηε*]
1396 1686 1449 1720 fur
1473 1686 1528 1720 die
1547 1686 1615 1720 Ro-

176 1735 213 1772 5;
240 1734 276 1773 6,
296 1734 357 1774 41,
380 1733 414 1770 ὃς
443 1732 527 1764 Einl.
559 1735 608 1765 17.
650 1752 694 1757 —
735 1735 858 1766 ‘incon-

168 1780 325 1820 pertum]
351 1777 419 1819 vgl.
446 1780 476 1819 9,
496 1779 548 1818 26,
570 1781 620 1812 15.

222 1825 272 1857 11.
298 1826 413 1856 macte
432 1847 439 1856 .
458 1847 465 1856 .
484 1826 568 1864 esto]
586 1833 612 1857 s.
627 1834 667 1857 zu
683 1824 714 1861 2,
735 1825 788 1866 12,
805 1825 857 1858 14.

173 1888 217 1893 —
248 1870 280 1900 si
305 1869 392 1910 quid
415 1868 562 1910 falsi..]
597 1879 633 1902 es
667 1869 737 1911 galt
770 1869 857 1902 nach

172 1914 288 1947 dtesen
301 1914 440 1947 Worten
455 1914 505 1947 als
520 1914 640 1955 sicher,
656 1914 742 1955 dass,
758 1924 855 1947 wenn

172 1960 225 1992 ein
251 1970 319 1992 von
346 1959 421 1993 dem
453 1959 507 1992 die
534 1959 653 1992 Gotter
678 1959 856 2002 bestagen·

171 2005 235 2038 den
261 2004 437 2046 Magistrat
455 2004 692 2046 Beaustragter
717 2005 769 2037 ein
794 2004 856 2037 sal·

171 2050 269 2083 sches
283 2050 481 2091 Auspicium
494 2049 631 2091 meldet,
643 2050 753 2082 dieses
765 2060 855 2083 zwar

171 2095 224 2128 sur
237 2095 301 2128 den
321 2094 417 2128 Staat
434 2095 545 2137 gultig
562 2095 606 2127 ist
624 2094 692 2127 und
708 2095 777 2127 ihm
796 2095 856 2128 der

170 2139 288 2182 Erlolg
321 2140 508 2184 entspricht
549 2139 666 2179 (daher
698 2141 788 2172 milti
811 2165 819 2174 .
846 2165 855 2174 .

171 2187 371 2229 auspicium
386 2188 458 2226 est),
473 2185 538 2219 den
554 2184 760 2228 Schuldigen
773 2186 854 2219 aber

171 2231 224 2265 die
244 2231 355 2265 Strafe
374 2230 472 2269 trifft;
499 2231 567 2273 vgl.
590 2230 686 2264 Mms.
707 2231 786 2265 StR.
807 2231 853 2273 12,

172 2279 293 2311 7181.
311 2296 351 2301 —
365 2279 522 2317 nuntiat]
542 2277 614 2310 dies
632 2276 676 2309 ist
690 2277 855 2310 zuniichst

171 2321 225 2355 die
249 2322 357 2356 Sache
383 2322 443 2356 des
460 2322 593 2365 Augur;
620 2322 692 2355 hier
716 2322 791 2356 thut
818 2332 855 2355 es

171 2367 230 2401 der
247 2367 432 2407 Pullarius;
459 2368 527 2411 vgl.
553 2379 593 2402 zu
613 2368 666 2410 22,
684 2369 785 2409 428.
811 2387 855 2392 —-

171 2414 394 2455 religionem]
427 2413 491 2447 den
516 2413 639 2453 Flucl1;
673 2423 699 2447 s.
724 2416 754 2455 7,
774 2414 804 2454 3,
823 2415 854 2447 9.

219 2460 270 2493 12.
301 2461 396 2491 ‘inter
419 2461 538 2503 prima
562 2461 680 2502 signa]
706 2468 732 2492 s.
751 2461 782 2500 9,
800 2459 855 2500 32,

173 2503 204 2536 8.
229 2522 273 2527 —
299 2508 426 2537 ornata
453 2507 676 2547 armataque]
706 2504 739 2537 in
761 2504 857 2547 glan-

173 2548 295 2582 zender
312 2548 483 2593 Rustung;
504 2560 529 2584 s.
550 2553 579 2592 7,
601 2552 651 2589 10,
671 2553 708 2589 ὃς
735 2549 855 2583 anders

929 1742 1012 1770 men
1029 1742 1067 1766 s.
1083 1733 1137 1774 39,
1158 1733 1209 1766 13.

976 1778 1028 1812 13.
1076 1779 1201 1810 emisso
1235 1779 1364 1809 temere
1385 1801 1394 1811 .
1417 1779 1437 1818 .]
1471 1787 1510 1811 so
1540 1776 1613 1811 dass

928 1822 1023 1856 darin
1065 1823 1120 1856 ein
1169 1822 1423 1866 Gottesgericht
1468 1821 1613 1856 erkannt

928 1867 1067 1901 werden
1092 1868 1232 1902 konnte.

975 1916 1027 1948 14.
1055 1924 1182 1947 corvus
1200 1939 1207 1947 .
1223 1938 1231 1947 .
1249 1915 1419 1954 occinuit]
1445 1913 1514 1956 vgl.
1529 1924 1571 1947 zu
1582 1915 1613 1954 6,

927 1961 981 2000 41,
997 1960 1028 1994 8.
1054 1977 1100 1983 -—
1117 1961 1337 2002 praesentes]
1363 1959 1432 2001 vgl.
1449 1961 1482 2000 7,
1509 1960 1563 2001 26,
1581 1962 1613 1993 7.

971 2004 1034 2040 41.
1063 2007 1092 2038 1.
1124 2006 1199 2046 ira,
1224 2006 1312 2047 spes]
1339 2004 1408 2047 vgl.
1434 2006 1489 2045 31,
1513 2005 1543 2038 6.
1569 2023 1614 2029 -—

925 2052 1024 2092 rapit
1042 2074 1050 2082 .
1066 2074 1073 2082 .
1094 2051 1203 2091 cogit]
1229 2049 1363 2083 scharfe
1387 2049 1612 2091 Gegensatze.

924 2113 968 2118 ——
986 2104 1154 2136 magnam
1166 2097 1311 2137 partem
1325 2119 1332 2127 .
1348 2096 1370 2135 .]
1388 2103 1415 2128 S.
1429 2095 1482 2136 38,
1501 2096 1554 2129 10.
1568 2114 1612 2119 -

972 2141 1002 2173 2.
1021 2142 1203 2180 retineret]
1223 2142 1306 2172 statt
1321 2141 1536 2183 retinuisset,
1553 2150 1611 2174 um

924 2185 985 2218 das
1006 2185 1187 2218 Andauern
1213 2195 1255 2218 zu
1279 2185 1507 2225 bezeichnen3
1533 2185 1610 2220 dem

925 2230 1030 2264 Sinne
1056 2230 1142 2264 nach
1166 2248 1208 2260 =
1235 2231 1297 2264 sed
1320 2232 1515 2270 retinebat;
1541 2231 1610 2274 vgl.

924 2278 956 2318 9,
973 2278 1025 2317 19,
1041 2278 1070 2310 5.
1084 2294 1130 2300 —
1142 2278 1239 2310 vinci
1251 2277 1400 2318 adsueti]
1414 2287 1440 2311 s.
1455 2287 1496 2310 zu
1510 2278 1541 2319 6,
1557 2278 1611 2312 11.

925 2322 1135 2354 —insidens
1146 2323 1366 2365 pectoribus]
1381 2331 1407 2356 s.
1417 2332 1459 2355 zu
1469 2324 1525 2364 45,
1538 2324 1568 2364 1,
1578 2323 1611 2356 4,

972 2369 1002 2401 3.
1029 2370 1143 2400 omnis
1160 2393 1169 2401 .
1187 2393 1195 2402 .
1215 2368 1358 2408 occulti]
1384 2367 1610 2410 entsprechen

924 2413 959 2446 in
993 2413 1171 2446 desselben
1204 2413 1309 2456 Folge
1339 2412 1406 2446 den
1443 2411 1610 2446 Substan-

925 2459 1019 2492 tiven
1056 2458 1274 2502 apparatus*
1309 2457 1378 2492 und
1408 2461 1521 2499 sacr1';
1551 2468 1611 2492 zur

925 2503 1177 2547 Wortstellung
1200 2503 1270 2546 vgl.
1295 2505 1327 2546 9,
1351 2505 1407 2546 28,
1426 2505 1462 2543 6;
1488 2514 1530 2538 zu
1553 2505 1609 2544 44,

926 2551 980 2590 28,
1009 2551 1062 2583 15.
1087 2569 1128 2574 —
1155 2551 1289 2582 armati
1303 2549 1516 2590 sacerdotes]
1540 2548 1608 2592 vgl.
