1779 2828
20 69 24 72 ’
69 76 94 96 a.
117 67 183 95 cnr.
205 75 234 95 n.
253 67 313 96 356.
332 67 392 95 355.
413 66 498 100 (355.)
566 55 692 90 LIBER
717 55 784 91 VII.
834 55 927 90 CAP.
956 57 1008 90 18.

1434 54 1512 93 141

70 184 187 223 quam
226 171 517 224 possessionem
557 171 753 222 integram
796 182 816 208 a
855 170 1035 221 patribus
1065 172 1323 222 accepissent.
1380 171 1516 224 plebes
1546 178 1564 211 5

70 235 208 268 contra
229 228 378 267 fremit:
411 227 505 278 quid
527 240 567 267 se
599 227 746 274 vivere,
779 226 872 278 quid
894 226 932 266 in
962 233 1073 280 parte
1095 228 1237 266 civium
1261 229 1438 276 censeri,
1469 229 1513 277 si,

71 285 177 337 quod
206 285 375 324 duorum
406 285 612 324 hominum
640 284 805 331 virtute,
839 283 881 322 L.
913 284 1020 324 Sexti
1052 297 1095 323 ac
1123 284 1162 324 C.
1186 284 1325 333 Licini,
1358 293 1514 337 partum

69 342 141 389 sit,
171 342 211 381 id
233 341 415 381 obtinere
437 342 611 381 universi
640 355 721 381 non
745 339 929 393 possint?
979 341 1039 380 vel
1060 353 1174 392 reges
1196 342 1255 381 vel
1277 342 1517 383 decemviros
1548 350 1566 382 6

70 399 131 439 vel
161 398 193 438 si
223 398 326 450 quod
360 399 512 439 tristius
543 399 592 439 sit
622 399 779 451 imperii
813 411 959 438 nomen
992 399 1222 451 patiendum
1255 411 1340 438 esse
1371 400 1515 451 potius,

70 468 187 508 quam
209 455 345 496 ambos
368 456 554 508 patricios
586 456 770 496 consules
791 456 968 503 videant,
1003 469 1076 496 nec
1107 456 1147 495 in
1177 456 1301 495 vicem
1333 462 1519 508 pareatur
1548 465 1567 496 τ

69 518 186 565 atque
203 513 431 566 imperetur,
453 514 520 553 sed
538 525 628 566 pars
646 513 764 552 altera
786 513 826 552 in
848 519 1008 552 aeterno
1028 513 1194 566 imperio
1217 513 1343 553 locata
1360 513 1517 566 plebem

71 582 267 622 nusquam
298 571 372 610 alio
404 577 533 610 natam
568 583 685 622 quam
717 570 763 609 ad
795 570 1047 610 serviendum
1078 577 1204 622 putet.
1259 584 1340 610 non
1373 571 1517 611 desunt
1549 577 1567 611 8

68 627 218 666 tribuni
249 634 430 668 auctores
460 628 689 673 turbarum,
728 627 795 667 sed
828 628 933 667 inter
963 627 1181 667 concitatos
1203 641 1275 680 per
1306 641 1347 668 se
1379 641 1517 668 omnes

68 684 130 723 vix
161 685 283 725 duces
305 685 495 724 eminent.

74 753 164 781 cum
185 749 287 782 esset
318 742 509 794 multique
532 755 604 795 per
624 742 837 783 seditiones
862 743 937 782 acti
959 742 1175 782 comitiales
1198 742 1292 789 dies,
1315 749 1517 794 postremo

69 798 192 838 victae
209 800 503 851 perseverantia
523 800 733 840 consulum
752 799 877 852 plebis
899 812 945 839 eo
969 800 1080 838 dolor
1102 800 1245 851 erupit,
1269 806 1311 838 ut
1326 800 1519 848 tribunos,

72 862 203 895 actum
224 869 310 896 esse
332 856 380 896 de
402 857 583 897 libertate
605 857 865 897 vociferantes
895 857 1284 908 relinquendumque
1309 870 1388 896 non
1413 869 1519 896 cam-

70 925 167 966 pum
187 913 264 953 iam
286 914 413 954 solum
440 915 507 954 sed
530 915 647 954 etiam
669 914 829 962 urbem,
863 920 1017 966 captain
1047 920 1164 965 atque
1197 926 1426 966 oppressam
1456 926 1519 953 re-

70 983 151 1022 gno
166 971 436 1023 patriciorum,
455 979 601 1011 maesta
619 971 730 1024 plebs
746 979 992 1023 sequeretur.
1025 972 1209 1011 consules
1228 971 1353 1010 relicti
1370 985 1390 1010 a
1407 978 1518 1024 parte

70 1028 209 1080 populi
226 1041 299 1080 per
315 1028 621 1081 infrequentiam
639 1029 796 1068 comitia
815 1029 937 1068 nihilo
959 1029 1121 1080 segnius
1137 1028 1362 1080 perficiunt.
1401 1029 1521 1068 creati

72 1085 256 1126 consules
287 1085 401 1125 ambo
430 1086 606 1138 patricii,
638 1086 687 1125 M.
712 1085 854 1126 Fabius
876 1085 1092 1125 Ambustus
1122 1086 1280 1125 tertium
1303 1085 1347 1124 T.
1372 1085 1521 1132 Quine-

72 1141 162 1182 tius.
204 1142 245 1182 in
269 1142 504 1195 quibusdam
526 1143 736 1184 annalibus
758 1156 830 1196 pro
852 1144 897 1182 T.
920 1143 1108 1190 Quinctio
1131 1143 1179 1182 M.
1204 1143 1402 1194 Popilium
1425 1156 1522 1183 con·

72 1199 198 1240 sulem
217 1199 390 1240 invenio.

74 1290 139 1323 wie
157 1289 207 1323 sie
224 1289 278 1323 die
297 1289 484 1331 Besitzung
508 1316 515 1323 .
535 1304 561 1329 .;
588 1300 613 1323 s.
632 1292 664 1332 4,
683 1291 713 1329 2,
728 1292 760 1324 4.

71 1355 116 1360 —
141 1335 230 1378 quid
255 1347 291 1368 se
315 1337 444 1377 vivere]
471 1335 577 1379 Frage
608 1335 668 1369 des
695 1335 762 1369 Un-

72 1381 224 1414 willens:
247 1382 296 1415 sie
311 1381 455 1415 wollten
475 1381 583 1415 lieber
597 1392 656 1425 gar
669 1382 763 1415 nicht

76 1436 182 1466 usw.;
208 1436 236 1460 s.
260 1437 303 1461 zu
330 1429 383 1469 27,
401 1429 456 1468 40,
477 1429 508 1461 2.
530 1446 575 1452 —
596 1430 635 1460 in
656 1431 764 1470 parte

74 1473 764 1563 Zssffissmcssz'ssssssssiffisshssniffi}gtsliied'g

417 1544 425 1552 .
470 1545 478 1553 .
603 1546 610 1553 .
678 1545 686 1560 ‚

75 1574 140 1597 nur
149 1564 318 1597 romische
329 1564 458 1607 Bfirger
472 1564 545 1598 sich
556 1565 764 1598 abschatzen

74 1609 205 1648 lassen;
227 1609 350 1643 anders
369 1610 413 1642 ist
427 1612 458 1651 6,
475 1612 527 1652 15,
542 1612 580 1644 6:
600 1612 639 1643 in
650 1613 764 1654 parte.

121 1656 152 1688 6.
179 1654 332 1699 tristius]
365 1654 503 1697 finster,
536 1659 672 1699 streng,
707 1656 765 1689 der

75 1699 178 1734 Plebs
204 1700 382 1739 seindlich;
411 1711 437 1736 s.
465 1703 496 1743 2,
515 1702 570 1743 30,
593 1705 630 1740 53
658 1703 712 1743 25,
734 1703 765 1742 6,

75 1747 106 1780 2.
143 1766 186 1770 -
224 1748 368 1790 imperii
403 1749 544 1788 nomen]
587 1750 670 1780 statt
707 1746 766 1780 der

75 1791 290 1834 Herrschast,
327 1791 443 1826 Macht
477 1793 600 1833 selbst;
638 1793 707 1835 vgl.
735 1794 765 1834 6,

78 1838 130 1879 18,
155 1839 206 1872 15.
232 1857 274 1862 -
302 1840 420 1881 quam]
442 1838 532 1872 ohne
556 1842 607 1879 ut,
631 1839 700 1881 vgl.
723 1849 765 1871 zu

76 1885 107 1925 2,
135 1885 187 1924 15,
221 1885 260 1923 2;
291 1883 326 1917 in
359 1883 451 1918 Orat,
482 1887 592 1918 recta:
626 1885 685 1925 30,
714 1887 766 1918 17.

75 1931 130 1970 40,
159 1931 201 1964 14
225 1940 257 1963 u.
283 1939 312 1964 a.
338 1948 384 1954 -
415 1930 571 1972 videant]
606 1940 632 1965 s.
666 1941 709 1963 zu
735 1932 766 1971 3,

75 1975 130 2016 30,
155 1975 185 2008 6.

122 2022 152 2054 7.
186 2022 225 2053 in
256 2022 368 2054 vicem
392 2047 400 2054 .
421 2022 442 2062 .]
475 2032 502 2055 S.
528 2023 559 2063 3,
586 2021 640 2062 39,
666 2023 697 2056 8.
723 2041 767 2046 -

78 2066 208 2107 locata]
235 2066 303 2110 vgl.
329 2068 362 2108 6,
386 2067 441 2101 35.
470 2070 498 2101 1.
523 2086 568 2091 -
592 2077 768 2110 nusquam

77 2111 162 2152 alio]
182 2127 227 2140 =
252 2112 301 2145 ad
323 2112 461 2145 nullam
486 2113 597 2146 aliam
620 2124 712 2152 rem;
741 2123 767 2146 s.

77 2158 109 2198 4,
135 2158 188 2199 54,
215 2160 245 2191 7.

124 2204 154 2236 8.
190 2206 367 2245 auctores]
411 2203 466 2237 die
504 2203 766 2246 gewohnlichen

78 2247 246 2282 Anstister
268 2259 337 2282 von
362 2248 522 2283 Unruhen
545 2252 586 2291 (s,
607 2251 638 2290 2,
659 2251 714 2292 23,
733 2251 767 2292 8)

78 2292 194 2372 l2assen
218 2304 255 2327 es
280 2305 321 2328 an
356 2295 429 2329 sich
454 2295 548 2328 nicht
572 2295 703 2335 fehlen;
739 2306 766 2329 s.

103 2340 134 2380 4,
159 2340 213 2381 25,
238 2341 269 2374 9.

124 2386 156 2418 9.
178 2387 458 2427 perseverantia]
492 2396 519 2419 s.
546 2386 599 2427 33,
625 2387 678 2428 22,
707 2389 766 2426 1ος

81 2428 139 2462 der
164 2428 387 2465 Vorsitzende
421 2431 480 2465 der
511 2431 683 2465 Komitien
709 2432 768 2465 be-

81 2474 173 2507 steht
194 2476 254 2509 auf
273 2476 332 2510 der
346 2476 448 2510 Wahl
470 2476 529 2510 der
549 2477 768 2520 vorgeschla-

83 2528 192 2562 genen
227 2520 392 2558 Konsuln.
426 2542 469 2546 —
501 2534 574 2556 non
604 2533 768 2566 campum

833 1292 962 1331 iam..]
998 1289 1066 1331 vgl.
1095 1291 1124 1331 6,
1153 1291 1204 1330 14,
1232 1290 1261 1322 2.
1296 1309 1340 1313 —
1373 1293 1520 1332 maesta]

833 1335 1036 1369 wiederholt
1067 1335 1126 1369 des
1152 1335 1374 1369 Nachdrucks
1402 1347 1522 1379 wegen

833 1381 898 1415 den
925 1381 1031 1415 sehon
1065 1381 1099 1414 in
1126 1381 1228 1414 dolor
1253 1381 1433 1424 liegenden
1460 1382 1523 1416 Be-

835 1426 929 1469 griff3
945 1427 1072 1460 ebenso
1089 1426 1218 1460 konnte
1234 1437 1356 1469 wegen
1369 1427 1428 1461 der
1442 1427 1522 1461 Ent-

836 1473 980 1515 fernung
1005 1483 1072 1506 von
1096 1473 1220 1515 plebis,
1247 1472 1315 1506 und
1342 1484 1397 1507 um
1423 1474 1523 1507 einen

836 1518 1027 1562 Gegensatz
1062 1529 1104 1551 zu
1131 1520 1292 1551 tribunos
1327 1529 1366 1552 zu
1396 1519 1521 1561 bilden,

831 1565 929 1607 plebs
959 1563 1162 1597 wiederholt
1196 1564 1351 1603 werden;
1379 1575 1404 1598 s.
1432 1567 1463 1606 6,
1491 1567 1522 1599 9.

885 1612 935 1644 10.
954 1610 1074 1643 relicti
1091 1621 1111 1642 α
1127 1613 1233 1652 parte
1248 1610 1385 1653 populi]
1404 1611 1472 1653 vgl.
1492 1613 1523 1653 2,

837 1657 890 1697 24,
906 1658 941 1689 4;
958 1659 1061 1697 parte
1080 1657 1254 1695 eivz'tatis;
1276 1656 1390 1689 Livius
1405 1657 1524 1690 nimmt

837 1711 890 1742 an,
917 1700 990 1734 dass
1008 1701 1061 1734 die
1088 1711 1195 1743 ganze
1214 1700 1316 1735 Plebs
1343 1701 1402 1735 das
1420 1701 1525 1736 Mars-

837 1746 906 1780 feld
945 1746 1119 1780 verlassen
1161 1747 1236 1788 hat,
1276 1747 1435 1790 obgleich
1470 1747 1524 1782 die

836 1793 962 1825 Armen
988 1792 1021 1825 in
1048 1792 1238 1834 desselben,
1265 1793 1328 1825 ties
1351 1793 1525 1827 verschul-

837 1838 894 1871 det
919 1839 959 1877 (S.
980 1840 1032 1880 19,
1052 1840 1081 1872 5.
1101 1839 1156 1878 21,
1177 1840 1222 1880 3),
1248 1838 1312 1871 den
1338 1838 1524 1873 Patriziern

836 1883 1054 1927 verpflichtet
1093 1883 1164 1917 und
1211 1895 1277 1917 von
1323 1884 1425 1918 ihnen
1467 1885 1524 1918 be-

835 1929 990 1963 herrscht
1015 1932 1054 1971 (s.
1074 1930 1104 1970 6,
1124 1931 1177 1971 32,
1196 1931 1247 1972 3),
1280 1930 1373 1963 wohl
1397 1940 1440 1963 an
1466 1931 1525 1964 der

838 1975 938 2008 Wahl
963 1975 1022 2009 teil
1048 1975 1212 2017 nahmen,
1244 1976 1325 2009 aber
1349 1976 1414 2009 den
1441 1976 1524 2010 Vor-

837 2021 983 2055 nehmen
1020 2031 1080 2054 aus
1122 2021 1228 2054 ihrem
1265 2021 1412 2063 Stande,
1458 2033 1525 2055 von

838 2066 947 2100 denen
974 2066 1023 2100 sie
1054 2066 1127 2100 sich
1160 2067 1431 2111 vernachlassigt
1456 2067 1525 2101 und

837 2113 870 2146 in
887 2112 945 2145 der
958 2111 1027 2145 Not
1047 2113 1162 2155 wenig
1183 2116 1387 2147 unterstfitzt
1407 2113 1523 2154 sahen,

838 2158 893 2191 bei
919 2158 1008 2191 ihrer
1024 2157 1242 2202 Bewerbung
1266 2169 1322 2192 um
1348 2158 1408 2192 das
1435 2158 1525 2192 Kon-

838 2204 928 2237 sulat
954 2204 1047 2236 nicht
1077 2204 1288 2237 beistanden.
1313 2223 1358 2228 —
1380 2214 1447 2246 per
1471 2206 1525 2236 in-

837 2249 1090 2293 frequentiam]
1117 2250 1182 2283 wie
1207 2250 1228 2293 ξ
1255 2251 1291 2288 9;
1319 2251 1349 2289 5,
1368 2250 1398 2290 2,
1418 2251 1448 2283 5.
1488 2248 1525 2282 In

838 2295 903 2328 den
922 2294 1261 2328 Centuriatkornitien
1281 2305 1352 2327 war
1369 2304 1405 2327 es
1431 2294 1524 2328 nicht

838 2340 1049 2382 notwendig,
1075 2340 1149 2372 dass
1167 2340 1233 2373 alle
1252 2339 1432 2373 Centurien
1450 2350 1524 2374 ver-

837 2389 948 2419 treten
974 2395 1099 2427 waren,
1126 2395 1227 2418 wenn
1252 2396 1313 2418 nur
1339 2385 1392 2419 die
1417 2384 1526 2428 Majo-

837 2431 917 2464 ritfit
941 2430 1085 2464 erreicht
1112 2430 1238 2464 wurde.
1256 2450 1300 2454 —
1321 2431 1470 2472 Fabius]
1497 2442 1523 2465 s.

842 2478 893 2516 11,
913 2477 943 2509 2.
968 2495 1012 2500 --
1040 2476 1241 2517 Quinctius]
1260 2486 1287 2509 s.
1307 2478 1338 2518 9,
1357 2479 1394 2516 33
1422 2477 1525 2510 eben-

838 2531 877 2555 so
904 2520 1029 2555 Diodor
1050 2523 1102 2565 19,
1120 2523 1174 2556 40.
1199 2541 1243 2546 —
1268 2522 1314 2556 M.
1333 2523 1523 2566 Popilium]

559 685 796 737 aliquotiens
818 686 963 725 frustra
995 685 1034 724 in
1070 697 1253 736 campum
1284 686 1521 725 descensum
1550 692 1569 725 9

1553 978 1588 1011 10
