1731 2796
195 76 246 114 70
686 73 810 108 LIBER
836 73 932 108 Vllll.
970 73 1065 126 CAP.
1092 75 1146 108 30.

1435 89 1462 110 a.
1482 89 1512 109 u.
1533 89 1560 110 ο.
1577 82 1637 111 443.

192 203 282 231 nem
315 190 390 229 visa
424 195 525 230 esset
555 189 768 241 pertinere.
792 202 798 205 ’
819 189 1023 237 tibicines,
1057 190 1147 241 quia
1179 188 1367 241 prohibiti
1398 200 1418 227 a
1450 187 1639 240 proximis

193 247 427 288 censoribus
458 252 570 286 erant
601 246 640 285 in
674 247 766 286 aede
789 247 889 287 Iovis
909 247 1033 295 vesci,
1067 247 1170 297 quod
1203 246 1390 286 traditum
1421 245 1640 296 antiquitus

194 311 297 353 erat,
329 316 444 356 aegre
466 303 570 356 passi
592 302 716 342 Tibur
737 317 817 344 uno
841 304 996 356 agmine
1028 304 1231 351 abierunt,
1263 304 1359 342 adeo
1393 309 1436 341 ut
1457 314 1576 342 nemo
1597 302 1638 341 in

192 362 291 402 urbe
314 368 437 408 esset,
471 361 537 412 qui
558 361 758 401 sacrificiis
780 361 1039 413 praecineret.
1083 361 1166 400 eius
1186 360 1243 399 rei
1268 359 1404 411 religio
1426 359 1557 399 tenuit
1576 371 1639 399 se-

194 426 349 466 natum,
382 419 608 469 legatosque
630 418 754 458 Tibur
773 419 987 465 miserunt,
1020 423 1063 457 ut
1084 418 1224 457 darent
1246 429 1427 469 operam,
1456 422 1499 455 ut
1520 416 1546 456 ii
1568 416 1639 455 ho·

195 477 321 516 mines
342 474 530 514 Romanis
561 475 880 514 restituerentur.
931 475 1130 514 Tiburtini
1161 475 1335 526 benigne
1366 473 1528 526 polliciti
1556 473 1639 525 pri-

194 546 300 572 nium
319 532 464 572 accitos
482 545 548 571 eos
566 532 604 570 in
625 532 772 571 curiam
791 532 934 572 hortati
952 538 1056 580 sunt,
1075 532 1131 571 uti
1149 537 1443 571 reverterentur
1452 531 1637 579 Romam;

194 597 401 642 postquam
424 588 589 640 perpelli
613 589 842 640 nequibant,
877 589 1041 629 consilio
1065 589 1165 628 haud
1188 588 1429 628 abhorrente
1454 587 1502 627 ab
1526 587 1639 639 inge·

194 647 268 685 niis
290 646 494 685 hominum
518 658 585 684 eos
607 645 903 697 adgrediuntur.
955 646 1017 685 die
1049 646 1148 685 festo
1173 646 1236 684 alii
1258 645 1354 685 alios
1374 657 1446 697 per
1466 645 1638 696 speciem

193 702 517 742 celebrandarum
549 709 665 741 cantu
701 703 906 754 epularum
938 703 1105 742 invitant
1136 709 1174 742 et
1202 702 1308 750 vino,
1341 702 1454 742 cuius
1483 701 1639 741 avidum

193 761 316 799 ferme
336 760 376 799 id
396 772 522 809 genus
545 766 615 807 est,
640 766 823 799 oneratos
840 760 1002 811 sopiunt
1025 765 1140 810 atque
1164 759 1215 798 ita
1239 759 1279 798 in
1305 759 1476 810 plaustra
1497 771 1638 798 somno

192 817 344 856 vinctos
366 816 570 855 coniciunt
590 828 634 855 ac
651 816 816 855 Romam
839 817 1062 868 deportant.
1102 828 1174 855 nec
1191 816 1301 867 prius
1322 827 1496 863 sensere,
1522 827 1639 867 quam

193 874 376 925 plaustris
398 873 437 912 in
461 874 546 912 foro
570 873 715 913 relictis
738 874 877 925 plenos
899 873 1083 925 crapulae
1105 886 1174 913 eos
1202 873 1268 912 lux
1290 872 1498 924 oppressit.
1542 879 1640 912 tunc

194 943 413 970 concursus
434 930 571 982 populi
593 931 731 978 factus,
764 931 1067 982 impetratoque,
1100 936 1143 969 ut
1164 935 1386 978 manerent,
1418 930 1564 977 datum,
1596 935 1640 968 ut

192 987 365 1027 triduum
389 988 602 1038 quotannis
625 988 752 1027 ornati
775 1001 865 1027 cum
888 994 1004 1028 cantu
1029 993 1146 1039 atque
1178 988 1264 1035 hac,
1297 999 1398 1039 quae
1430 999 1539 1026 nunc
1561 986 1638 1026 sol-

194 1045 333 1084 lemnis
355 1051 425 1091 est,
448 1044 607 1083 licentia
629 1057 700 1096 per
722 1044 860 1084 urbem
883 1051 1131 1097 vagarentur,
1154 1045 1459 1095 restitutumque
1480 1043 1519 1083 in
1544 1043 1639 1083 aede

240 1125 269 1155 5.
297 1123 470 1161 tibicines]
490 1122 538 1154 sie
558 1122 707 1155 bildeten
727 1123 780 1155 ein
798 1121 878 1154 Kol-

194 1166 338 1209 legium3
379 1178 418 1199 zu
452 1168 547 1199 ihren
580 1167 877 1210 Berechtigungen

195 1213 335 1254 gehdrte
361 1213 414 1244 ein
437 1212 626 1246 seierliches
644 1213 814 1246 Festmahl
832 1213 877 1245 im

195 1257 336 1299 Tempel
362 1257 421 1290 des
446 1257 611 1300 Iuppiter:
648 1269 672 1291 s.
702 1269 741 1291 zu
769 1259 788 1300 ξ
819 1260 877 1297 10;

195 1302 268 1335 CIL.
283 1304 294 1335 1
313 1302 346 1336 S.
363 1304 444 1337 395:
460 1302 574 1341 feriae
588 1304 674 1337 Iovi.
690 1323 732 1328 -—
748 1306 832 1346 quia
846 1330 854 1337 .
869 1329 876 1336 .

195 1358 300 1390 aegre
323 1351 431 1391 passi]
458 1348 525 1390 vgl.
554 1351 605 1389 39,
626 1351 658 1391 2,
677 1351 714 1388 2;
740 1348 877 1392 haufige

195 1393 417 1436 Verbindung
435 1394 487 1427 bei
506 1394 659 1433 Plautus,
677 1405 705 1428 z.
720 1394 757 1428 B.
774 1394 879 1428 Pseu-

195 1439 263 1473 dol.
289 1441 364 1473 266.
397 1459 440 1463 —
472 1442 666 1481 prooeimis]
698 1440 751 1473 die
778 1442 832 1481 29,
859 1443 877 1474 5

195 1489 404 1526 genannten;
431 1485 480 1517 sie
507 1485 664 1527 miissten,
696 1496 793 1519 wenn
820 1486 878 1518 der

193 1529 374 1563 Ausdruck
404 1540 513 1572 genau
544 1531 608 1573 ist,
645 1531 751 1565 sehon
785 1531 879 1564 nicht

193 1576 288 1608 mehr
312 1576 356 1608 im
384 1575 482 1609 Amte
508 1585 668 1618 gewesen
703 1577 794 1617 sein,
829 1577 878 1609 als

194 1621 252 1654 der
277 1621 415 1663 Auszug
437 1621 593 1664 ersolgte.
621 1641 663 1646 —
688 1622 880 1663 sacrificiis

192 1668 429 1709 praecineret]
441 1667 508 1709 vgl.
525 1669 544 1709 ξ
565 1670 624 1706 1ος
650 1668 808 1710 obgleich
825 1668 876 1701 bei

195 1712 284 1745 allen
299 1711 422 1754 Opsern
445 1713 601 1747 tibicines
628 1714 738 1757 thiitig
753 1724 878 1755 waren,

195 1768 233 1790 so
258 1758 302 1790 ist
334 1757 421 1790 doch
455 1758 528 1791 hier
558 1759 722 1792 zunachst
756 1770 798 1792 an
824 1759 878 1792 die

194 1803 374 1842 sacrificia
386 1804 533 1846 publica
551 1815 590 1837 zu
613 1804 747 1838 denken
770 1805 879 1837 sowie

196 1859 237 1881 an
248 1848 300 1881 die
315 1850 477 1881 tibicines
487 1851 633 1892 publici,
648 1851 736 1883 ohne
748 1850 879 1883 welche

190 1894 561 1937 jenenichtvollzogen
571 1895 706 1928 werden
716 1895 880 1935 konnten;

195 1949 222 1972 s.
242 1938 342 1972 Prell.
365 1939 438 1974 RM.
461 1942 541 1978 1163
564 1941 674 1973 neben
691 1941 795 1982 jenen
813 1941 878 1983 gab

196 1994 232 2017 es
247 1984 332 2017 auch
347 1986 510 2017 tibicines
521 1988 675 2027 privati;
695 1996 754 2019 zur
770 1986 878 2019 Sache

196 2039 221 2062 s.
241 2029 377 2063 Censor.
404 2030 444 2062 de
471 2029 504 2063 d:
527 2041 558 2063 n.
586 2032 641 2063 12:
675 2032 748 2063 nisi
769 2035 879 2073 grata

197 2078 282 2107 esset
298 2076 550 2108 inmortalibus
566 2076 640 2108 deis
657 2078 832 2118 (musica),
849 2103 855 2109 .
870 2101 878 2109 .

195 2131 258 2152 nee
282 2122 411 2153 tibicen
432 2123 594 2153 omnibus
610 2122 880 2164 supplicationi-

197 2167 259 2198 bus
279 2169 316 2198 in
336 2168 451 2199 sacris
468 2167 614 2199 aedibus
631 2168 878 2205 adhiberetur3

197 2211 263 2244 Cic.
282 2211 323 2245 de
341 2211 406 2253 leg.
431 2221 483 2254 ag.
504 2213 534 2253 2,
549 2214 610 2251 34;
637 2212 722 2245 Ovid
742 2213 828 2246 Fast.
848 2214 878 2253 6,

197 2258 278 2290 653;
299 2259 468 2290 cantabat
480 2256 588 2300 fanis,
603 2260 773 2291 cantabat
790 2260 877 2291 tibia

196 2303 288 2335 ludis
312 2303 352 2343 (s.
371 2305 401 2344 7,
426 2305 456 2344 2,
475 2305 519 2344 4),
546 2305 714 2336 cantabat
737 2306 879 2337 maestis

195 2350 281 2380 tibia
306 2347 505 2387 funeribus,

242 2395 271 2426 6.
298 2395 425 2435 religio
452 2396 577 2435 tenuit]
608 2393 638 2427 d.
665 2394 698 2428 h.
724 2393 777 2428 die
803 2395 880 2427 reli-

197 2438 314 2479 giesen
340 2438 523 2473 Bedenken
554 2440 699 2473 dariiber
725 2439 880 2473 besch'af-

196 2484 302 2525 tigten
327 2484 426 2526 lange
444 2484 507 2517 den
527 2484 649 2523 Senat;
676 2485 744 2528 vgl.
765 2496 804 2518 zu
825 2487 878 2526 26,

199 2531 250 2569 11,
266 2531 298 2562 4.
312 2533 426 2563 -ui.
441 2554 448 2563 .
468 2532 518 2570 ut]
545 2531 631 2563 zwei
647 2531 747 2564 satze
769 2531 879 2564 hinter

949 1121 1110 1155 einander
1127 1123 1187 1154 mit
1206 1125 1245 1154 ut
1263 1120 1376 1154 finden
1401 1121 1474 1155 sich
1493 1121 1546 1154 bei
1566 1121 1637 1155 Liv,

949 1167 1135 1208 mehrsach,
1153 1178 1180 1200 z.
1198 1167 1233 1201 B.
1253 1170 1284 1209 4,
1300 1169 1353 1209 59,
1371 1170 1429 1207 11;
1456 1169 1510 1208 27,
1526 1168 1583 1209 35,
1597 1169 1637 1207 43

949 1212 1172 1246 verschieden
1199 1213 1275 1246 sind
1299 1212 1353 1246 die
1371 1212 1476 1256 Falle,
1505 1223 1558 1246 wo
1577 1212 1638 1246 das

949 1258 1072 1291 zweite
1096 1261 1136 1290 ut
1162 1258 1220 1291 das
1247 1261 1337 1291 erste
1360 1268 1423 1292 nur
1440 1258 1636 1297 ausnimmt;

949 1314 975 1337 s.
995 1305 1026 1344 8,
1048 1304 1146 1345 ss,14.
1181 1322 1225 1328 -—-
1258 1305 1546 1345 restituerentur]
1582 1303 1637 1338 die

950 1350 1113 1381 tibicines
1146 1348 1308 1382 scheinen
1339 1349 1434 1383 nicht
1467 1349 1636 1383 romische

948 1394 1079 1437 Biirger
1103 1404 1265 1437 gewescn
1291 1405 1333 1428 zu
1351 1395 1442 1433 sein;
1469 1404 1495 1428 s.
1510 1397 1543 1437 7,
1559 1397 1591 1437 2,
1605 1397 1635 1429 4.

996 1443 1027 1473 7.
1056 1439 1247 1481 Tiburtini]
1278 1444 1376 1474 sonst
1406 1439 1583 1480 Tiburtes;
1609 1450 1636 1474 s·

951 1489 981 1528 7,
995 1488 1025 1526 9,
1044 1487 1080 1524 1;
1100 1487 1132 1528 8,
1149 1487 1200 1526 14,
1219 1488 1238 1520 9
1253 1496 1324 1520 u.a.
1343 1505 1388 1510 —
1401 1488 1591 1530 postquam
1606 1511 1614 1520 .
1628 1512 1635 1521 .

948 1532 1158 1574 nequibant]
1185 1541 1210 1565 s.
1229 1541 1271 1564 zu
1290 1532 1321 1574 2,
1341 1533 1396 1574 25,
1414 1533 1445 1565 3.

996 1579 1026 1610 8.
1039 1587 1108 1619 per
1123 1579 1274 1619 speciem
1292 1577 1587 1610 celebrandarum
1607 1603 1614 1612 .
1629 1602 1637 1611 .

950 1623 1171 1665 epularum*]
1199 1622 1266 1666 vgl.
1291 1622 1366 1656 Val.
1391 1621 1479 1657 Max.
1503 1625 1535 1664 2,
1554 1625 1584 1665 5,
1600 1624 1636 1657 4:

949 1670 1162 1710 interposita
1196 1667 1308 1708 festae
1341 1668 1560 1712 epulationis
1591 1671 1639 1701 si-

948 1715 1155 1747 mulatione.
1181 1732 1226 1738 —-
1251 1714 1291 1746 id
1309 1716 1437 1756 genus]
1463 1724 1491 1748 s.
1518 1715 1572 1757 13,
1599 1716 1636 1754 7;

949 1770 990 1792 zu
1017 1761 1047 1801 8,
1075 1761 1129 1801 24,
1156 1760 1186 1793 6.

996 1807 1027 1838 9.
1054 1807 1201 1846 vinctos]
1227 1814 1254 1838 S.
1273 1806 1304 1846 5,
1322 1806 1378 1847 44,
1396 1807 1427 1838 7.
1453 1824 1496 1829 -
1522 1815 1587 1838 nec
1605 1830 1612 1838 .
1630 1831 1636 1839 .

949 1850 1031 1889 foro
1051 1875 1058 1883 .
1076 1853 1098 1891 .]
1128 1849 1235 1883 Tibur
1260 1850 1304 1883 ist
1328 1850 1496 1893 ungesiihr
1522 1852 1565 1885 30
1579 1850 1637 1884 km

949 1906 1017 1929 von
1044 1895 1128 1928 Rom
1155 1895 1312 1929 entiernt.

998 1943 1050 1974 10.
1082 1942 1354 1983 impetratoque]
1385 1950 1411 1974 s.
1440 1941 1500 1982 16,
1523 1943 1561 1979 5;
1596 1951 1636 1974 zu

951 1987 982 2027 6,
1000 1987 1055 2027 25,
1073 1988 1104 2019 5.
1130 2005 1174 2010 -
1198 1989 1241 2018 ut
1263 1988 1459 2026 manerent]
1485 1985 1540 2019 die
1563 1985 1638 2019 Fir>-

950 2031 1122 2064 tenblaser
1147 2030 1258 2064 haben
1284 2030 1510 2064 auswandern
1540 2031 1575 2074 (ξ
1599 2033 1636 2074 ὃς
1701 2067 1704 2069 ,

949 2078 1248 2117 restituerentur),
1264 2076 1357 2109 nicht
1372 2075 1460 2109 bloss
1476 2076 1528 2109 ihr
1542 2076 1637 2120 Spiel

949 2121 1131 2154 einstellen
1157 2121 1303 2161 wollen;
1334 2131 1361 2155 s.
1386 2121 1500 2164 Lange
1526 2123 1559 2164 2,
1583 2123 1637 2157 81.

948 2186 992 2190 -
1018 2168 1096 2207 Ιιαο]
1122 2177 1149 2200 s.
1166 2166 1277 2200 Praef.
1295 2169 1326 2200 4.
1354 2186 1396 2191 —
1423 2167 1583 2210 licentia]
1609 2178 1636 2202 s.

949 2212 1087 2247 Censor.
1103 2211 1144 2245 de
1158 2211 1190 2245 d.
1212 2223 1243 2245 n.
1265 2214 1321 2246 12:
1340 2223 1412 2246 non
1430 2214 1639 2246 tibicinibus

949 2261 1036 2290 esset
1057 2260 1268 2301 permissum
1292 2262 1356 2291 aut
1375 2258 1477 2291 ludos
1495 2259 1637 2301 publice

948 2302 1071 2343 facere
1095 2314 1138 2336 ae
1162 2305 1254 2336 vesci
1278 2305 1317 2336 in
1345 2303 1542 2346 Capitolio,
1573 2307 1638 2337 aut

951 2349 1235 2391 Quinquatribus
1243 2349 1454 2382 minusculis
1461 2348 1534 2390 (das
1546 2347 1636 2391 Fest‚

949 2394 1010 2427 das
1035 2394 1107 2427 sich
1133 2404 1174 2427 an
1204 2393 1268 2427 den
1304 2394 1477 2428 erz'ahlten
1503 2393 1637 2428 Vorsall

949 2439 1086 2483 kniipst)
1126 2440 1165 2472 id
1195 2443 1247 2472 est
1277 2440 1396 2472 idibus
1427 2440 1543 2473 Iuniis
1576 2451 1638 2473 ur-

950 2486 1024 2517 bem
1049 2487 1177 2517 vestitu
1195 2496 1263 2528 quo
1283 2485 1412 2518 vellent
1433 2487 1637 2528 personatis

949 2530 1037 2572 (Val.
1063 2529 1168 2564 Max.:
1202 2533 1370 2574 personis
1405 2534 1493 2565 tecto
1521 2534 1636 2575 capite
