1731 2796
104 411 123 443 8

88 924 124 956 10

86 1151 121 1184 11

155 117 207 155 66
626 115 750 150 LIBER
776 115 829 151 Vl.
879 115 972 150 CAP.
999 117 1053 150 27.
1079 117 1133 151 28.
1387 133 1413 155 a.
1434 133 1463 154 u.
1484 133 1509 154 c.
1529 127 1590 154 374.

155 233 256 280 odio,
280 232 382 272 utin
405 231 522 272 armis
552 239 682 271 terant
712 232 867 284 plebem
901 245 973 271 nec
996 227 1191 283 respirare
1222 231 1262 270 in
1296 230 1392 270 urbe
1424 236 1491 269 aut
1520 243 1592 283 per

155 290 277 329 otium
299 289 488 329 libertatis
509 289 734 329 meminisse
756 290 887 329 sinant
908 295 974 328 aut
996 288 1213 328 consistere
1234 287 1274 327 in
1302 288 1502 336 contione,
1524 288 1591 327 ubi

155 347 364 398 aliquando
386 346 545 386 audiant
566 359 701 385 vocem
733 346 985 385 tribuniciam
1009 346 1055 384 de
1077 345 1240 384 levando
1262 346 1422 384 faenore
1445 352 1483 384 et
1512 345 1591 384 fine

152 404 313 443 aliarum
344 403 577 442 iniuriarum
608 411 800 454 agentem.
861 403 965 454 quod
999 402 1029 441 si
1053 402 1101 442 sit
1122 402 1276 442 animus
1304 401 1410 454 plebi
1441 414 1594 441 memor

153 468 308 513 patrum
340 460 543 507 libertatis,
583 473 623 499 se
665 472 738 499 nec
776 459 900 499 addici
939 471 1177 511 quemquam
1216 460 1337 498 civem
1370 459 1591 499 Romanum

155 517 204 557 ob
238 517 423 557 creditam
458 517 665 568 pecuniam
697 529 882 568 passuros
913 529 1042 568 neque
1074 516 1257 556 dilectum
1289 516 1435 565 baberi,
1467 516 1594 556 donec

155 575 334 626 inspecto
367 587 456 613 aere
488 573 615 612 alieno
654 574 829 624 initaque
851 573 1002 613 ratione
1024 573 1228 613 minuendi
1260 573 1344 613 eius
1365 573 1460 613 sciat
1490 586 1597 613 unus

155 632 334 682 quisque,
367 632 458 683 quid
492 631 562 678 sui,
596 631 687 682 quid
720 631 836 670 alieni
867 631 927 677 sit,
963 630 1135 682 supersit
1155 630 1228 670 sibi
1258 630 1426 670 liberum
1450 643 1597 682 corpus

153 702 202 727 an
225 689 261 727 id
285 701 444 739 quoque
478 700 597 727 nervo
620 687 821 727 debeatur.
872 701 1024 727 merces
1054 687 1257 727 seditionis
1276 687 1477 740 proposita
1500 700 1597 727 con—

156 746 283 785 festim
316 745 547 785 seditionem
581 745 771 784 excitavit.
824 757 914 797 nam
946 752 984 784 et
1013 744 1298 784 addicebantur
1327 744 1451 794 multi,
1483 751 1521 783 et
1550 744 1596 783 ad

155 803 400 841 Praenestini
423 803 561 840 famam
585 802 674 841 belli
699 814 817 842 novas
838 802 1015 853 legiones
1036 801 1265 842 scribendas
1293 808 1424 853 patres
1455 814 1597 841 censu—

155 866 287 907 erant;
320 872 418 911 quae
440 866 608 910 utraque
639 859 755 898 simul
776 859 920 898 auxilio
952 854 1166 898 tribunicio
1189 866 1227 898 et
1247 871 1446 898 consensu
1471 858 1599 910 plebis

154 916 323 968 inpediri
346 923 505 968 coepta;
530 928 619 955 nam
642 929 772 967 neque
794 916 884 956 duci
906 915 1079 956 addictos
1101 915 1250 955 tribuni
1267 916 1450 955 sinebant
1467 928 1596 967 neque

153 973 330 1012 iuniores
361 974 520 1012 nomina
551 973 707 1012 dabant.
749 986 839 1012 cum
879 973 1056 1025 patribus
1078 973 1210 1012 minor
1230 976 1271 1013 in
1294 985 1481 1025 praesens
1503 985 1595 1011 cura

155 1030 324 1069 creditae
340 1031 531 1082 pecuniae
548 1030 645 1070 iuris
663 1031 903 1081 exsequendi
922 1043 1038 1081 quam
1063 1030 1227 1070 dilectus
1248 1036 1351 1070 esset
1371 1053 1425 1058 —
1447 1029 1595 1081 quippe

155 1087 231 1126 iam
254 1100 274 1126 a
292 1087 502 1127 Praeneste
524 1089 724 1138 protectos
745 1088 877 1127 hostes
899 1087 937 1126 in
958 1100 1056 1137 agro
1073 1086 1224 1126 Gabino
1243 1086 1468 1126 consedisse
1491 1099 1594 1125 nun-

153 1144 401 1191 tiabatur—,
425 1145 583 1184 interim
605 1144 787 1184 tribunos
804 1144 930 1196 plebis
947 1146 1046 1183 fama
1065 1157 1108 1184 ea
1130 1144 1213 1196 ipsa
1230 1144 1458 1183 inritaverat
1472 1143 1596 1194 magis

154 1201 203 1240 ad
223 1208 448 1253 susceptum
481 1208 678 1240 certamen
703 1213 818 1252 quam
842 1201 1105 1250 deterruerat3
1141 1214 1269 1253 neque
1291 1200 1393 1240 aliud
1415 1201 1460 1240 ad
1493 1200 1595 1240 sedi-

156 1258 303 1297 tionem
321 1259 624 1309 extinguendam
643 1258 681 1296 in
701 1258 798 1297 urbe
815 1271 929 1308 quam
948 1271 1073 1310 prope
1095 1258 1260 1297 inlatum
1277 1257 1485 1297 moenibus
1501 1257 1597 1309 ipsis

85 1319 134 1356 28
158 1315 302 1354 bellum
321 1315 449 1354 valuit.
487 1328 575 1354 nani
594 1328 684 1355 cum
701 1322 803 1355 esset
818 1315 1087 1355 Praenestinis
1108 1316 1332 1354 nuntiatum
1353 1315 1505 1354 nullum
1529 1327 1595 1353 ex-

156 1372 321 1411 ercitum
351 1372 622 1424 conscriptum
645 1372 814 1421 Romae,
847 1372 998 1411 nullum
1031 1371 1170 1412 ducem
1200 1379 1372 1412 creatum
1396 1385 1498 1419 esse,
1527 1384 1596 1423 pa-

156 1485 192 1523 2;
227 1483 296 1526 vgl.
330 1485 383 1525 32,
418 1486 448 1517 4.
486 1502 528 1507 —
565 1484 742 1516 libertatis
772 1510 779 1518 .
814 1486 840 1524 .]
912 1483 1113 1526 ausgesiihrt
1149 1483 1252 1523 wird;
1289 1483 1422 1527 logisch
1455 1483 1529 1516 siud
1563 1486 1598 1516 et

155 1540 181 1563 s.
215 1531 253 1571 4,
280 1531 334 1570 58,
368 1531 418 1564 12.
452 1547 491 1552 —
526 1531 729 1570 consistere]
760 1530 841 1562 weil
911 1530 1172 1562 addicebantur
1197 1556 1204 1563 .
1231 1554 1239 1562 .
1265 1532 1297 1562 et
1323 1554 1330 1562 .
1351 1554 1359 1562 .
1385 1532 1595 1562 censuerant

154 1585 231 1607 man
265 1575 298 1608 iu
331 1575 393 1608 den
429 1574 623 1608 Kontionen
656 1574 766 1610 stand.
796 1594 840 1599 —
912 1574 1289 1615 Nebensatze‚=nam
1309 1585 1388 1608 cum
1407 1600 1436 1608 ..
1455 1575 1595 1608 addice-

153 1620 259 1661 fine]*
909 1624 1037 1653 rentur·
1062 1645 1069 1653 .
1095 1646 1103 1654 .
1125 1622 1350 1662 censuissent,
1374 1624 1526 1663 utraque
1551 1645 1558 1653 .
1585 1645 1593 1653 .

202 1668 231 1700 8.
257 1676 392 1698 memor
409 1664 452 1707 ..]
479 1664 547 1706 vgl.
567 1666 621 1707 22,
643 1667 696 1707 25,
720 1668 770 1700 10.
798 1685 840 1690 —
909 1685 954 1691 —
978 1666 1249 1707 addicebantur]
1274 1677 1300 1700 8.
1329 1667 1381 1708 14,
1406 1668 1462 1705 1Ο;
1490 1666 1596 1700 Cona-

155 1712 278 1745 addici
297 1736 304 1744 .
319 1713 339 1752 .]
361 1711 409 1743 sie
429 1709 553 1743 wollen
575 1722 683 1754 gegen
703 1711 762 1744 das
777 1711 842 1745 Ge·
910 1715 976 1753 tus,
1003 1711 1091 1751 denn
1118 1721 1154 1745 es
1177 1711 1325 1754 geschah
1352 1712 1441 1745 ohne
1466 1711 1594 1754 Ersolg.

155 1757 243 1790 richt
260 1757 368 1790 seibst
386 1756 467 1789 oder
484 1765 592 1798 gegen
619 1757 839 1800 gei-ichtiiche
909 1776 953 1780 -—
972 1768 1142 1790 consensu
1156 1757 1280 1799 plebis]
1299 1757 1448 1790 dadurch
1475 1757 1595 1790 erhielt

157 1801 514 1836 Scliuldexekutionen
544 1802 729 1846 Einspruch
756 1803 839 1836 thun
909 1801 963 1835 die
990 1802 1195 1845 Einsprache
1230 1802 1288 1836 der
1312 1801 1486 1836 Tribunen
1519 1804 1595 1845 gro-

155 1848 224 1880 und
255 1848 303 1880 sie
332 1847 554 1885 verhindern;
587 1859 613 1881 8.
642 1849 694 1888 18,
720 1851 770 1882 14.
797 1868 840 1872 -
911 1849 1020 1881 [seren
1047 1847 1261 1881 Naclidruck.

156 1895 316 1935 initaque
340 1894 479 1925 racione
499 1917 506 1925 .
527 1895 547 1934 .]
572 1892 626 1926 die
653 1895 705 1934 35,
721 1895 741 1927 4
766 1904 841 1926 vor·
958 1895 1009 1927 10.
1024 1905 1176 1936 neque..
1191 1893 1338 1936 dabant]
1353 1893 1397 1926 im
1408 1892 1594 1926 Vertrauen

157 1938 383 1981 geschlagene
409 1937 590 1980 Marsregel
623 1938 708 1971 wird
738 1949 848 1982 ange-⁴
909 1939 969 1971 aus
992 1938 1046 1972 die
1071 1939 1295 1973 Intercession
1319 1939 1378 1971 der
1402 1937 1592 1976 Tribunen;

156 1983 284 2016 deutet.
310 2002 351 2006 —
379 1983 466 2025 quid
487 1985 556 2024 sui]
581 1984 649 2026 vgl.
674 1985 770 2016 nihil
786 1996 839 2017 re·
861 2013 864 2016 .
909 1994 935 2017 s.
962 1995 1002 2017 zu
1030 1985 1060 2026 2,
1080 1986 1134 2025 43,
1155 1986 1186 2018 3.
1215 2004 1257 2008 ——
1284 1984 1439 2017 creditae
1465 2009 1473 2017 .
1500 2009 1508 2017 .
1534 1995 1594 2016 ea:-

156 2029 264 2072 Ic'qui3
297 2039 322 2061 8.
349 2030 379 2069 4,
400 2029 453 2069 58,
476 2029 534 2068 13,
568 2031 598 2068 7,
621 2030 674 2069 35,
696 2031 732 2068 8;
768 2040 839 2063 was
908 2030 1087 2072 sequendi]
1113 2030 1198 2064 tiber
1215 2029 1268 2063 die
1287 2029 1469 2073 gehausten
1488 2029 1595 2062 Gene-

156 2085 224 2107 von
257 2074 333 2107 dem
366 2073 416 2106 als
447 2074 519 2106 sein
546 2073 736 2116 Vermogen
763 2075 840 2108 Gel-
911 2075 979 2108 tive
1011 2086 1037 2108 s.
1063 2074 1172 2109 Praes.
1206 2077 1239 2109 3.
1264 2094 1308 2100 —
1336 2074 1520 2118 profectos
1552 2101 1559 2108 .
1586 2099 1594 2106 .

157 2119 281 2153 tenden
307 2119 360 2152 ein
387 2118 461 2152 Teil
494 2119 605 2152 seines
640 2119 838 2153 wirklichen
907 2122 1156 2162 nuntiabatur]
1193 2132 1218 2155 s.
1249 2123 1282 2164 4,
1314 2122 1368 2163 53,
1401 2122 1430 2154 3.
1458 2139 1502 2145 —-
1529 2119 1595 2153 Ga-

156 2165 373 2207 Eigeutums,
404 2165 475 2197 sein
507 2164 686 2206 Eigentum
713 2165 776 2205 sei;
812 2176 838 2199 s.
909 2164 1026 2208 bino]*
1530 2207 1535 2211 .

156 2213 211 2253 20,
231 2213 260 2245 6.
286 2229 330 2235 -—
354 2210 503 2242 liberum
529 2212 668 2252 corpus]
695 2210 724 2243 d.
745 2211 775 2243 h.
795 2211 838 2243 ob
958 2214 1009 2245 11.
1036 2213 1181 2245 interim
1208 2236 1216 2245 .
1250 2237 1257 2244 .
1292 2212 1531 2252 deterruerat]
1567 2220 1594 2244 s.

156 2257 229 2290 sein
256 2256 352 2297 Leib,
387 2256 478 2295 seine
504 2254 631 2288 Person
665 2256 751 2289 noch
779 2256 839 2289 srei
911 2258 941 2297 3,
970 2259 1020 2298 17,
1053 2259 1113 2296 1·2;
1151 2257 1210 2290 der
1240 2256 1401 2290 Gedanke
1432 2257 1491 2290 hat
1522 2256 1594 2289 sich

157 2302 238 2335 oder
272 2302 346 2335 dem
377 2301 560 2344 Glaubiger
593 2301 757 2334 versallen
790 2302 838 2334 sei
911 2307 994 2334 statt
1011 2303 1071 2335 auf
1094 2313 1170 2335 cum
1190 2327 1197 2335 .
1214 2328 1221 2336 .
1239 2302 1534 2344 zurfickzugehen,
1553 2311 1594 2334 an

156 2347 224 2380 und
250 2358 285 2380 er
310 2347 381 2380 sich
412 2348 445 2379 in
472 2345 840 2380 Schuldknechtschast
910 2349 1039 2389 qnippe
1065 2374 1071 2380 .
1095 2372 1102 2380 .
1119 2349 1358 2380 nuntiabatur
1376 2346 1595 2390 angeschlos-

157 2392 312 2434 begeben
330 2396 454 2426 masse.
472 2412 515 2416 -
540 2394 660 2433 nervo]
687 2403 714 2427 s.
742 2393 839 2434 11,8.
909 2402 986 2430 sen;
1019 2392 1122 2426 daher
1146 2392 1250 2433 nicht,
1277 2393 1343 2426 wie
1368 2402 1445 2425 man
1471 2401 1595 2424 etwar-

204 2440 234 2472 9.
260 2441 353 2479 nam]
380 2437 451 2480 das,
477 2447 548 2471 was
578 2438 627 2470 als
653 2437 840 2480 Erkliirung
909 2441 993 2471 tete:
1026 2439 1165 2470 tribuni
1194 2448 1329 2470 summa
1361 2440 1397 2470 υι·
1426 2437 1594 2470 dilectum

157 2482 381 2526 hinzugestigt
401 2483 535 2516 werden
554 2484 630 2525 soli,
654 2484 749 2517 istiu
775 2483 839 2516 den
907 2483 1146 2525 inpediebanc‚
1170 2494 1252 2515 nam
1278 2494 1317 2516 ea
1342 2485 1419 2526 ipsa
1441 2482 1541 2523 fama
1559 2508 1566 2515 .
1585 2509 1593 2518 .

156 2527 364 2561 Relativsatz
386 2529 657 2571 aufgenommen‚
682 2529 741 2562 der
758 2530 839 2562 wie—
909 2529 1135 2562 inritaverat.
1157 2547 1201 2553 -
1217 2539 1348 2571 prope.
1364 2530 1385 2570 ,]
1409 2527 1478 2572 vgl.
1493 2529 1547 2570 23,
1563 2529 1593 2562 2.

157 2572 217 2607 der
242 2572 345 2606 durch
377 2585 458 2606 nam
492 2585 605 2616 neque
638 2600 645 2608 .
679 2599 686 2608 .
722 2575 840 2608 weiter
954 2573 1018 2610 28.
1046 2576 1073 2609 1.
1100 2574 1300 2615 c7·eatum*]
