1731 2796
124 69 204 109 138
603 69 730 103 LiBER
755 69 795 103 X.
832 69 926 104 CAP.
956 72 1007 105 11.
1037 72 1088 106 12.

1367 89 1394 110 3.
1414 88 1444 109 u.
1465 87 1491 108 c.
1507 79 1569 108 456,

121 186 237 226 fidem
260 186 453 238 accipiant
486 191 523 225 et
544 185 619 224 vim
643 192 768 237 atque.
783 185 968 226 iniuriam
992 185 1039 225 ab
1062 198 1103 226 se
1125 185 1361 226 Samnitium
1385 191 1566 226 arceant:

121 256 182 291 se,
221 255 459 295 quamquam
492 243 595 282 bello
628 255 716 283 cum
750 243 992 283 Samnitibus
1023 250 1207 296 suscepto
1241 243 1462 283 necessaria
1494 242 1568 282 iam

121 302 221 340 sacta
251 300 436 340 adversus
467 300 668 340 Romanos
698 299 796 339 fides
826 301 897 347 sit,
933 307 1063 340 tamen
1098 300 1255 341 obsides
1286 301 1379 340 dare
1410 306 1571 352 paratos

54 363 101 399 12
123 371 221 398 esse.
273 358 402 397 brevis
423 358 660 397 consultatio
692 364 852 397 senatus
883 358 976 397 fuit:
1010 358 1055 397 ad
1079 371 1204 398 unum
1236 370 1375 398 omnes
1396 357 1568 409 iungen-

123 417 216 455 dum
239 415 378 455 foedus
400 428 489 454 cum
514 415 683 454 Lucanis
705 427 848 466 resque
870 415 1108 467 repetendas
1137 415 1183 454 31)
1208 414 1452 455 Samnitibus
1473 427 1570 454 cen-

76 480 94 512 2
124 479 224 512 sent.
286 472 459 523 benigne
492 484 729 524 responsum
768 472 939 512 Lucanis
979 473 1179 524 ictumque
1220 473 1378 520 foedus;
1420 471 1570 511 fetiales

122 530 251 577 missi,
285 530 349 581 qui
374 530 590 569 Samnitem
613 529 803 569 decedere
827 542 919 581 agro
941 530 1140 569 sociorum
1167 542 1212 569 ac
1234 529 1432 569 deducere
1455 541 1569 568 exer·

79 638 81 640 q
123 588 243 626 citum
265 587 412 626 finibus
434 586 604 626 Lucanis
626 586 832 633 iuberent,
866 587 1008 638 quibus
1031 587 1181 626 obviam
1210 587 1318 626 missi
1341 586 1387 626 ab
1412 585 1568 625 Samni-

122 644 242 691 tibus,
276 644 342 695 qui
371 644 675 691 denuntiarent,
708 644 738 683 si
771 643 875 694 quod
898 644 1071 683 adissent
1092 644 1132 683 in
1157 644 1318 683 Samnio
1341 643 1567 689 concilium.

76 709 94 740 3
124 701 227 740 haud
260 701 467 740 inviolatos
499 701 686 740 abituros.
748 701 846 740 haec
877 708 1087 752 postquam
1120 700 1250 740 audita
1282 706 1376 740 sunt
1407 700 1570 747 Romae,

122 758 267 797 bellum
293 757 535 798 Samnitibus
558 765 595 797 et
615 765 747 810 patres
769 765 1015 798 censuerunt
1039 765 1078 797 et
1102 758 1274 810 populus
1296 757 1420 797 iussit.
1473 769 1570 797 con-

122 815 227 855 sules
258 815 364 854 inter
394 828 434 855 se
467 816 691 867 provincias
719 816 852 867 partiti
874 822 989 855 sunt:
1023 815 1200 867 Scipioni
1221 814 1401 862 Etruria,
1433 813 1570 854 Fulvio

124 873 319 912 Samnites
341 873 610 920 obvenerunt,
643 873 863 924 diversique
885 872 930 912 ad
952 884 1067 912 suum
1090 873 1258 924 quisque
1280 871 1427 911 bellum
1448 873 1571 924 profi-

74 936 92 968 4
125 930 340 969 ciscuntur.
393 930 570 982 Scipioni
593 943 715 982 segne
738 930 885 969 bellum
918 936 956 969 et
977 930 1102 970 simile
1123 929 1268 982 prioris
1295 929 1390 969 anni
1411 929 1571 969 militiae

125 987 347 1039 expectanti
385 987 519 1027 hostes
549 987 594 1027 ad
623 987 845 1027 Volaterras
876 987 1071 1027 instructo
1103 987 1261 1038 agmine
1293 994 1569 1027 occurrerunt.

76 1051 94 1082 5
125 1050 344 1097 pugnatum
362 1046 510 1083 maiore
529 1052 640 1097 parte
663 1045 739 1084 diei
756 1057 897 1095 magna
920 1044 1120 1096 utrimque
1138 1043 1276 1092 caede;
1300 1057 1378 1083 nox
1395 1044 1571 1084 incertis.

126 1114 200 1153 qua
218 1102 303 1140 data
321 1102 480 1141 victoria
499 1109 613 1149 esset,
632 1102 854 1141 intervenit.
887 1102 952 1140 lux
968 1102 1185 1153 insequens
1200 1102 1387 1141 victorem
1405 1101 1571 1141 victum-

77 1165 95 1196 6
126 1171 202 1210 que
226 1159 418 1206 ostendit;
443 1172 531 1198 nam
551 1159 709 1199 Etrusci
726 1159 883 1198 silentio
902 1160 1030 1198 noctis
1049 1165 1175 1199 castra
1192 1159 1452 1211 reliquerunt.
1491 1159 1572 1198 Ro-

125 1228 267 1255 manus
299 1228 481 1267 egressus
520 1217 560 1255 in
594 1217 716 1255 aciem
754 1216 822 1255 uhi
854 1216 1104 1268 profectione
1135 1216 1308 1256 hostium
1342 1228 1571 1256 concessam

125 1273 326 1311 victoriam
350 1273 464 1317 videt,
493 1286 729 1325 progressus
751 1273 798 1312 ad
821 1280 947 1313 castra
969 1273 1102 1312 vacuis
1124 1285 1215 1313 curn
1236 1273 1406 1325 plurima
1426 1274 1572 1325 praeda

83 1348 90 1368 ι
124 1353 180 1358 -
203 1342 293 1368 nam
326 1337 362 1369 et
384 1331 517 1370 stativa
541 1337 578 1370 et
606 1331 757 1383 trepide
780 1331 933 1370 deserta
957 1332 1114 1369 fuerant
1134 1352 1190 1359 -—
1210 1330 1374 1383 potitur.
1416 1330 1508 1370 inde
1530 1330 1569 1370 in

126 1386 321 1426 Faliscum
354 1399 491 1439 agrum
524 1388 648 1439 copiis
674 1388 847 1427 reductis
878 1400 968 1427 cum
1001 1387 1269 1439 inpedimenta
1294 1386 1455 1427 Faleriis
1481 1399 1571 1426 cum

130 1444 284 1483 modico
307 1445 501 1496 praesidio
534 1445 780 1496 reliquisset,
813 1445 995 1496 expedito
1018 1445 1175 1497 agmine
1204 1444 1249 1483 ad
1273 1444 1574 1496 depopulandos

80 1507 98 1539 8
128 1500 299 1540 hostium
332 1502 432 1541 fines
454 1502 612 1541 incedit.
665 1502 799 1542 omnia
824 1504 929 1542 ferro
961 1503 1124 1554 ignique
1150 1507 1370 1549 vastantur3
1403 1501 1573 1554 praedae

130 1559 307 1610 undique
338 1565 458 1598 actae.
511 1572 585 1599 nec
607 1560 734 1599 solum
757 1560 873 1599 modo
905 1565 1056 1599 vastum
1087 1559 1192 1599 hosti
1214 1558 1395 1598 relictum
1419 1559 1487 1599 sed
1509 1571 1573 1598 ca*

131 1659 293 1702 deutung.
333 1660 394 1694 Die
412 1660 568 1694 Lukaner
593 1661 756 1694 scheinen
781 1661 816 1694 in

131 1705 207 1738 dem
233 1705 374 1739 Frieden
401 1707 463 1739 mit
488 1706 554 1739 den
575 1705 750 1740 Samniten
775 1708 816 1748 (s.

131 1752 162 1791 9,
177 1753 232 1792 45,
247 1753 278 1792 4)
294 1751 352 1785 srei
369 1752 547 1794 geblieben
563 1763 603 1785 zu
618 1753 702 1786 seiri.
715 1771 760 1776 —
774 1754 816 1785 ab

129 1808 165 1828 se
180 1822 187 1828 .
200 1821 208 1829 .
228 1800 387 1838 arceant]
403 1808 428 1831 s.
444 1800 474 1837 6,
490 1801 521 1839 9,
538 1802 572 1836 ῖς
592 1809 633 1831 zu
649 1800 704 1840 21,
717 1800 816 1838 57,1.

175 1841 235 1877 12.
258 1845 287 1876 1.
322 1844 370 1876 acl
382 1855 493 1876 unum
507 1846 640 1885 omnes]
667 1854 692 1877 s.
708 1854 748 1877 zu
763 1845 818 1884 26,

134 1888 185 1928 18,
200 1890 231 1921 9.
254 1907 301 1913 -
325 1890 547 1931 iungendum
575 1890 714 1929 foedus]
749 1889 817 1931 v.gl

130 1932 245 1968 Diona
271 1931 294 1976 ἤ
318 1947 357 1967 τε
381 1932 466 1986 βρυ]
463 1935 517 1976 .ὴ.
533 1937 659 1987 ,ἔγνω
672 1934 742 1976 τὴν
759 1947 815 1986 φι-

132 1976 215 2011 λίαν
239 1978 328 2023 πρὸς
359 1979 441 2013 ’τοὶς
469 1978 681 2013 Λευκανοὺς
713 1977 817 2012 συνά-

131 2035 217 2068 ψαι,
250 2027 310 2056 καὶ
341 2021 358 2058 ὁ
393 2022 504 2067 δνμος
533 2025 741 2070 ἐπεκύρωσε
769 2024 817 2058 τὰ

131 2068 587 2158 ξέζᾶἶῖζεῖῗευῖοαέἶῖζι
605 2057 817 2159 1)ἒέζὲῗὲῗὲ

131 2161 260 2204 gelost;
287 2171 313 2195 s.
331 2164 383 2204 11,
401 2164 459 2201 11;
476 2164 507 2205 9,
525 2164 580 2205 20,
597 2164 628 2196 9.
653 2173 818 2205 —repe-

131 2207 289 2248 tendas]*

178 2255 207 2286 2.
235 2253 412 2294 deeedere]
431 2253 499 2296 vgl.
517 2256 546 2294 7,
562 2256 615 2295 31,
627 2256 657 2288 9.
679 2264 818 2286 —con—

132 2299 265 2339 ei'lmm]
294 2309 320 2332 s.
344 2300 395 2341 13,
417 2279 473 2338 3?
482 2301 512 2341 8,
535 2279 667 2341 39,10;
694 2299 817 2333 anders

132 2343 226 2378 Dion.
247 2346 299 2386 16,
317 2346 368 2378 13.

178 2391 207 2422 3.
234 2390 468 2431 Samnitibus]
493 2401 561 2423 von
587 2391 715 2424 bellum
740 2401 818 2424 een·

132 2439 280 2467 suerunt
292 2436 359 2469 und
375 2436 502 2468 bellum
516 2438 620 2470 iussit
629 2437 816 2480 abhangig;

133 2480 216 2512 siber
240 2480 292 2513 die
312 2481 447 2515 Konstr.
474 2482 602 2514 bellum
625 2493 766 2515 censere
792 2493 817 2516 s.

133 2527 186 2566 31,
212 2528 242 2566 7,
266 2528 325 2564 142
356 2530 402 2559 ite
429 2529 466 2560 ln
488 2528 708 2570 suffragium
726 2553 734 2562 .
753 2553 760 2562 .
785 2531 820 2560 et

887 1671 978 1704 qnae
990 1663 1115 1703 patres
1132 1663 1347 1692 censuerunt
1363 1670 1423 1692 vos
1438 1660 1574 1697 iubete;

888 1707 983 1740 Caes.
1009 1705 1076 1739 BG.
1096 1708 1127 1747 7,
1138 1708 1192 1745 77,
1205 1704 1340 1744 23'1'ac.
1358 1705 1572 1746 Ann.13,8;

888 1753 971 1786 iiber
988 1753 1110 1784 iubere
1126 1761 1152 1785 s.
1172 1762 1211 1785 zu
1233 1753 1265 1793 9,
1283 1753 1338 1791 43,
1353 1752 1384 1785 2.
1410 1770 1454 1775 ——-
1479 1752 1575 1794 quis·

888 1800 967 1841 que]
993 1808 1019 1832 s.
1041 1808 1083 1830 zu
1103 1798 1133 1839 2,
1149 1799 1179 1839 7,
1208 1799 1236 1831 1.

934 1846 965 1877 4.
992 1843 1214 1883 Volaterras]
1234 1841 1390 1876 tuskisch
1407 1840 1574 1884 Velathri,

889 1890 965 1922 eine
991 1889 1078 1922 feste
1111 1888 1180 1922 und
1205 1888 1378 1931 machtige
1403 1886 1503 1921 Stadt
1527 1887 1573 1920 im

887 1934 1177 1968 nordwestlichen
1203 1933 1370 1967 Etrurien.

934 1983 965 2015 5.
995 1981 1200 2021 intervenit]
1227 1990 1253 2012 s.
1281 1990 1321 2012 zu
1348 1980 1453 2021 9‚14‚
1474 1981 1503 2012 1.
1529 1997 1573 2002 --

887 2027 969 2068 qua]
996 2036 1022 2058 s.
1049 2026 1102 2065 28,
1124 2028 1161 2063 1;
1186 2035 1228 2058 zu
1251 2028 1280 2062 1,
1303 2026 1358 2066 27,
1378 2025 1399 2058 6
1423 2023 1493 2057 und
1519 2024 1572 2063 22,

889 2073 941 2113 19,
956 2073 986 2105 3.
1014 2090 1056 2094 —
1081 2071 1319 2113 reliquerunt]
1344 2079 1423 2102 man
1448 2079 1574 2102 etwar-

887 2121 955 2150 tete
980 2116 1222 2159 reliquerant;
1248 2126 1275 2150 s.
1301 2125 1342 2149 zu
1369 2116 1423 2156 33,
1437 2116 1468 2148 4.

935 2164 966 2195 6.
1006 2164 1142 2204 vacuis]
1179 2161 1265 2195 dazu
1296 2161 1341 2194 ist
1372 2161 1501 2194 castris
1531 2161 1572 2194 zii

888 2207 1034 2241 denken.
1072 2227 1114 2232 --
1144 2208 1306 2250 plurima
1328 2206 1480 2249 praeda]
1506 2207 1572 2240 wie

888 2253 1570 2296 45,14;vgl.1,39‚2;3‚5‚t4;4,38‚4.

934 2302 966 2333 7.
990 2299 1174 2333 Faliscum
1193 2326 1199 2333 .
1217 2300 1239 2340 .]
1259 2299 1313 2332 die
1327 2297 1480 2331 Falisker
1496 2297 1573 2330 sind

883 2346 973 2388 jetzt
1005 2345 1095 2378 noch
1126 2346 1187 2378 mit
1219 2344 1284 2378 den
1318 2343 1464 2377 Romern
1497 2353 1572 2376 ver-

888 2390 1042 2429 bunden;
1069 2391 1138 2434 vgl.
1164 2393 1219 2432 45,
1239 2391 1270 2423 6.
1311 2388 1373 2422 Um
1391 2389 1446 2422 die
1463 2388 1571 2422 Beute

888 2437 922 2470 in
937 2436 1128 2470 Sicherheit
1149 2446 1190 2469 zu
1208 2436 1362 2478 bringen,
1382 2434 1467 2468 wird
1484 2443 1570 2477 ganz

888 2482 1044 2516 Etrurien
1069 2482 1298 2525 durchzogen.

935 2529 964 2562 8.
983 2529 1133 2568 vastum]
1151 2538 1177 2561 s.
1192 2528 1224 2568 3,
1243 2528 1297 2567 52,
1313 2529 1343 2561 5.
1361 2546 1405 2552 —
1419 2525 1574 2560 castellis
