1779 2828
146 101 173 122 a.
194 94 261 123 Chr.
282 103 311 124 n.
331 96 394 124 293.

628 83 753 118 LIBER
779 83 819 117 X.
857 83 952 119 CAP.
978 86 1034 118 44.
1061 85 1114 118 45.

1514 80 1595 119 209

143 206 298 253 portam
320 213 561 253 murumque
583 200 818 253 Aquiloniae
839 206 1050 251 ceperant,
1081 199 1234 251 equites
1255 211 1394 239 omnes
1425 198 1474 239 ob
1499 199 1596 240 insi-

144 269 264 310 gnem
286 258 420 299 multis
440 259 539 299 locis
560 270 723 310 operam
745 257 961 297 corniculis
981 257 1222 308 armillisque
1243 256 1441 309 argenteis
1462 257 1595 297 donat.

144 315 355 355 consilium
387 316 479 356 inde
511 315 702 356 habitum.
755 327 844 354 cum
875 314 952 354 iam
974 321 1132 366 tempus
1162 320 1267 354 esset
1296 314 1519 354 deducendi
1551 315 1598 356 de
1628 324 1647 356 6

144 372 307 413 Samnio
339 373 536 413 exercitus
567 379 635 412 aut
654 373 863 424 utriusque
896 377 963 411 aut
984 378 1090 411 certe
1110 371 1294 419 alterius,
1326 372 1519 423 optimum
1542 373 1597 413 vi-

142 442 250 479 sum,
278 443 357 482 quo
378 431 502 482 magis
523 431 670 470 fractae
691 442 756 470 res
778 429 1014 469 Samnitium
1038 434 1192 475 essent,
1224 441 1270 468 eo
1293 428 1537 480 pertinacius
1559 438 1595 470 et

140 487 324 527 infestius
354 500 471 540 agere
493 494 625 527 cetera
656 493 696 527 et
715 487 915 539 persequi,
945 492 989 526 ut
1009 486 1277 539 perdomitum
1300 486 1505 526 Samnium
1532 488 1594 528 in-

141 544 404 596 sequentibus
435 545 670 585 consulibus
699 545 800 584 tradi
831 550 986 596 posset:
1030 543 1189 596 quando
1220 543 1297 582 iam
1329 543 1463 583 nullus
1494 551 1596 585 esset
1628 552 1646 584 S

139 601 314 641 hostium
355 603 572 651 exercitus,
613 603 680 655 qui
720 602 845 654 signis
884 602 1051 641 conlatis
1091 601 1349 641 dimicaturus
1382 601 1594 651 videretur,

139 671 266 699 unum
287 672 498 712 superesse
520 660 611 700 belli
629 673 770 712 genus,
791 659 952 699 urbium
974 659 1307 712 oppugnationes,
1331 671 1500 710 quarum
1522 672 1596 712 per

140 716 290 756 excidia
311 718 477 758 militem
501 718 745 770 locupletare
776 716 922 770 praeda
953 723 992 756 et
1021 717 1174 756 hostem
1207 729 1280 768 pro
1313 717 1391 756 aris
1422 729 1467 756 ac
1496 717 1595 757 focis

140 773 396 815 dimicantem
418 776 619 815 conficere
640 781 818 828 possent.
867 775 1001 826 itaque
1023 774 1164 814 litteris
1185 774 1313 813 missis
1344 774 1390 814 ad
1413 780 1597 814 senatum
1627 782 1646 815 9

138 831 416 884 populumque
438 833 663 874 Romanum
693 833 741 873 de
763 832 882 872 rebus
902 831 950 871 ab
972 845 1013 872 se
1035 832 1156 884 gestis
1177 831 1319 871 diversi
1340 832 1522 884 Papirius
1547 833 1595 872 ad

140 888 372 942 Saepinum,
396 890 585 931 Carvilius
607 891 653 930 ad
677 891 823 930 Veliam
848 889 1157 942 oppugnandam
1180 889 1358 940 legiones
1379 889 1545 930 ducunt.

256 946 431 988 Litterae
454 948 664 988 consulum
688 948 841 1000 ingenti
862 948 1007 987 laetitia
1030 948 1123 986 etin
1147 948 1255 986 curia
1278 953 1317 986 et
1338 948 1378 987 in
1402 947 1592 987 contione
1614 951 1664 988 45

138 1003 314 1054 auditae,
347 1011 387 1045 et
418 1006 627 1057 quadridui
660 1006 952 1059 supplicatione
982 1004 1188 1058 publicum
1220 1004 1408 1056 gaudium
1432 1005 1594 1057 privatis

138 1062 280 1102 studiis
312 1063 556 1103 celebratum
586 1070 657 1104 est.
710 1077 785 1103 nec
809 1063 958 1116 populo
981 1063 1161 1103 Romano
1194 1075 1335 1114 magna
1367 1063 1496 1102 solum
1527 1063 1597 1103 sed
1627 1070 1646 1102 2

138 1127 445 1173 peropportuna
467 1122 582 1161 etiam
607 1135 651 1163 ea
676 1121 839 1161 victoria
861 1121 946 1169 fuit,
980 1121 1071 1172 quia
1093 1133 1166 1173 per
1187 1121 1290 1160 idem
1313 1121 1414 1160 forte
1435 1126 1594 1173 tempus

138 1176 354 1218 rebellasse
371 1178 563 1220 Etruscos
584 1180 758 1219 adlatum
780 1185 851 1219 est.
894 1178 1051 1218 subibat
1073 1178 1257 1230 cogitatio
1279 1178 1470 1225 animum,
1495 1191 1595 1230 quo-
1626 1186 1645 1218 3

137 1246 231 1274 nam
263 1235 382 1275 modo
413 1237 630 1277 tolerabilis
661 1238 793 1276 sutura
815 1236 972 1275 Etruria
1003 1236 1160 1283 fuisset,
1192 1235 1223 1275 si
1247 1235 1339 1287 quid
1363 1236 1402 1275 in
1429 1235 1590 1274 Samnio

135 1292 288 1333 adversi
310 1293 524 1344 evenisset,
548 1307 648 1347 quae
670 1294 948 1334 coniuratione
971 1293 1208 1333 Samnitium
1232 1299 1374 1341 erecta,
1403 1294 1593 1344 quoniam

135 1349 252 1390 ambo
276 1351 464 1392 consules
495 1352 706 1404 omnisque
727 1351 907 1391 Romana
936 1351 993 1391 vis
1024 1363 1158 1390 aversa
1185 1351 1224 1390 in
1249 1350 1455 1391 Samnium
1477 1357 1592 1399 esset,

137 1450 193 1484 die
218 1451 237 1494 ξ
258 1454 278 1487 3
304 1456 511 1496 genannten.
543 1473 590 1478 -—-
623 1453 831 1494 corniculis]

137 1496 193 1530 die
235 1499 440 1540 cornicula,
491 1500 566 1533 eine
613 1501 676 1534 Art
716 1499 830 1533 Helm-

137 1543 322 1587 schmuck,
356 1545 497 1578 werden
531 1545 582 1578 als
606 1545 830 1579 militarische

136 1589 406 1633 Auszeichnung
446 1591 555 1624 selten
595 1592 752 1625 erwahnt
790 1593 829 1633 (s.

136 1634 224 1668 Plin.
246 1637 299 1677 10,
322 1637 413 1679 124),
438 1639 577 1670 mussen
596 1637 677 1670 aber
697 1637 749 1671 oft
774 1647 832 1680 ge-

136 1680 249 1723 geben
274 1681 417 1716 worden
443 1683 533 1725 sein,
568 1682 609 1716 da
636 1683 724 1717 nach
750 1683 830 1716 den-

135 1726 257 1760 selben
294 1728 408 1772 spater
445 1728 615 1762 Gehfilsen
653 1729 712 1762 der
750 1728 830 1762 Pr'a-

135 1778 234 1807 toren
258 1775 329 1807 und
352 1773 565 1817 Adjutanten
593 1775 652 1808 der
671 1774 829 1808 Offiziere

135 1820 376 1853 cornicularii
412 1825 564 1863 genannt
601 1821 762 1861 wurden;
801 1831 827 1854 s.

133 1863 242 1909 Marq.
270 1864 389 1900 Sti.
416 1868 448 1909 2,
473 1868 550 1901 528.

181 1923 213 1956 6.
239 1925 332 1964 cum]
354 1922 551 1958 konzessiv.
576 1943 621 1948 —
648 1924 711 1956 de*
727 1924 827 1957 Sam-

133 1969 208 2009 m'o]
235 1968 304 2011 vgl.
322 1970 379 2012 46,
395 1972 425 2004 1.

180 2027 212 2060 8.
238 2027 316 2059 aris
341 2037 384 2059 ac
406 2025 513 2068 focis]
539 2036 566 2060 s.
580 2037 621 2060 zu
641 2028 671 2069 9,
689 2028 741 2067 12,
759 2028 790 2060 6.

180 2085 212 2117 9.
247 2083 495 2127 populumque
518 2083 732 2125 Romanum]
765 2084 826 2117 ob-

133 2128 248 2171 gleich
274 2129 329 2163 die
348 2129 506 2163 Berichte
523 2130 690 2164 zun'achst
710 2140 752 2163 an
771 2130 825 2164 die

132 2172 335 2217 Magistrate
357 2175 428 2209 und
448 2175 512 2209 den
532 2175 638 2210 Senat
656 2177 827 2220 gerichtet

134 2229 269 2259 waren;
295 2231 324 2254 s.
338 2223 393 2263 45,
408 2224 445 2261 13
471 2223 526 2263 22,
545 2223 600 2263 56,
615 2224 645 2256 2.
671 2242 716 2247 -—
743 2223 827 2256 Sae-

130 2267 271 2308 pinum]
297 2266 393 2300 nicht
417 2267 501 2300 weit
526 2268 651 2301 ostlich
676 2279 744 2302 von
760 2268 826 2302 Bo—

132 2311 284 2345 vianum.
310 2331 354 2337 —
380 2312 557 2354 Veliam*]
573 2313 634 2347 das
651 2314 825 2348 bekannte

133 2356 231 2391 Velia
258 2367 301 2391 an
326 2357 386 2392 der
404 2357 608 2392 Westkfiste
631 2359 825 2394 Lukaniens

131 2402 226 2436 kann
250 2403 346 2437 nicht
370 2404 522 2448 gemeint
547 2405 632 2438 sein.

178 2459 242 2496 45·
271 2462 300 2495 1.
326 2464 361 2494 et
384 2463 424 2495 in
449 2463 628 2503 contione]
655 2471 681 2494 s.
701 2463 754 2501 27,
771 2465 825 2505 50,

135 2508 194 2540 11:
219 2508 259 2539 in
283 2510 411 2541 senatu
433 2509 604 2551 primum,
633 2507 762 2541 deinde
787 2510 826 2541 in

132 2554 300 2586 contione
313 2553 455 2588 litterae
467 2555 642 2587 recitatae
654 2557 754 2593 surm
771 2556 825 2595 27,

200 2619 232 2648 T.
247 2619 309 2648 Liv.
323 2620 374 2649 111.
385 2623 412 2651 2.
433 2623 460 2650 5.
473 2622 547 2650 Auss.

903 1455 958 1493 51,
977 1455 1012 1492 5;
1041 1454 1095 1494 33,
1116 1453 1172 1493 2-1,
1192 1454 1223 1485 4.
1261 1471 1304 1476 -
1338 1454 1496 1495 privatis
1520 1456 1591 1485 slu-

903 1499 984 1539 diis]
1011 1498 1065 1531 die
1091 1498 1209 1541 eisrige
1225 1497 1427 1531 Teilnahme
1445 1498 1504 1531 der
1523 1498 1591 1531 ein-

902 1544 1023 1577 zelnen
1049 1544 1083 1577 in
1109 1543 1223 1586 Bezug
1247 1543 1307 1577 auf
1323 1543 1437 1587 Opser,
1461 1544 1591 1578 Gebete

903 1590 969 1623 und
981 1589 1174 1623 Festmahle
1184 1590 1217 1623 in
1229 1589 1292 1623 den
1304 1589 1592 1624 Privatwohnun-

903 1646 988 1679 gem
1016 1645 1042 1669 S.
1063 1637 1239 1677 2,10,13;
1266 1637 1366 1678 5‚13‚
1381 1639 1412 1670 7.

950 1683 980 1715 2.
1022 1682 1222 1723 rebellasse]
1257 1692 1314 1715 um
1352 1682 1425 1715 sich
1461 1682 1590 1716 wieder

899 1728 961 1761 mit
993 1727 1057 1761 den
1091 1727 1265 1761 Samniten
1300 1739 1342 1761 zu
1379 1729 1590 1772 vereinigen,

900 1774 1036 1808 woraus
1051 1774 1072 1817 ξ
1091 1775 1129 1807 3;
1153 1777 1270 1807 erecta
1288 1774 1480 1810 hindeutet.
1517 1776 1590 1809 Aus

899 1819 958 1853 der
984 1819 1185 1854 Teilnahme
1218 1820 1278 1853 der
1306 1820 1462 1854 Falisker
1493 1822 1528 1863 (ξι
1556 1822 1589 1862 6)

897 1865 990 1899 kann
1017 1876 1092 1899 man
1120 1866 1314 1908 schliessen,
1341 1866 1415 1900 dass
1433 1877 1469 1900 es
1495 1867 1589 1900 nicht

898 1912 952 1945 die
984 1912 1184 1946 nordlichen
1220 1912 1361 1945 Staaten
1396 1915 1438 1953 (s.
1460 1914 1520 1954 37,
1543 1915 1589 1955 4),

897 1957 1045 1991 sondern
1058 1957 1112 1991 die
1123 1968 1165 1991 an
1174 1957 1233 1992 der
1244 1958 1436 1992 romischen
1447 1958 1588 2001 Grenze,

897 2004 984 2038 auch
1014 2003 1157 2038 Volsinii
1183 2005 1223 2043 (s.
1239 2003 1314 2037 Per.
1339 2006 1403 2046 11),
1425 2014 1587 2047 gewesen

897 2050 990 2089 sind;
1016 2050 1086 2093 vgl.
1112 2050 1211 2085 Nieb.
1238 2049 1307 2084 RG.
1335 2052 1366 2092 3,
1384 2052 1462 2084 475.

944 2098 974 2130 3.
989 2107 1146 2139 quonam
1158 2097 1282 2130 modo.
1295 2096 1586 2138 .]ubertreibend;

897 2152 923 2176 S.
939 2144 993 2183 21,
1010 2145 1068 2181 11;
1096 2145 1126 2183 9,
1148 2144 1200 2184 19,
1218 2145 1249 2177 3.
1275 2162 1318 2166 —-
1344 2141 1472 2182 futura
1497 2142 1587 2182 fuis-

896 2191 960 2228 set]
981 2198 1019 2222 so
1038 2192 1115 2231 sagt
1128 2188 1199 2223 Liv.
1214 2191 1297 2222 statt
1315 2188 1444 2228 futura
1471 2187 1589 2227 fuerit

897 2235 936 2276 (s.
959 2235 1012 2276 32,
1029 2236 1082 2275 23,
1099 2236 1130 2276 8)
1156 2234 1191 2268 in
1216 2234 1433 2277 abhangigen
1460 2233 1586 2268 Siitzen

897 2280 992 2313 nieht
1017 2281 1145 2319 selten;
1171 2289 1198 2314 s,
1212 2291 1253 2313 zu
1269 2281 1323 2320 28,
1338 2281 1393 2321 24,
1412 2281 1447 2313 2:
1474 2280 1586 2322 adpa-

893 2328 987 2366 ruit,
1020 2329 1192 2369 quantam
1224 2327 1432 2358 eoecz'tatnra
1457 2326 1586 2358 molem

895 2370 1089 2411 ..fui-sset:
1116 2371 1186 2414 vgl.
1212 2382 1254 2405 zu
1280 2373 1335 2413 46,
1361 2373 1392 2405 6.
1424 2391 1469 2395 -
1502 2382 1584 2405 con-

893 2419 1090 2459 iuratione]
1128 2417 1159 2450 d.
1196 2417 1229 2450 h.
1270 2417 1316 2450 im
1353 2417 1584 2460 allgemeinen

894 2461 1119 2505 Verbindung
1144 2473 1220 2495 zum
1247 2463 1383 2506 Kriege,
1409 2463 1499 2497 ohne
1520 2463 1584 2497 Be-

895 2508 1043 2552 ziehung
1080 2508 1140 2541 auf
1174 2508 1234 2542 das
1272 2511 1372 2550 38‚9
1406 2509 1582 2551 Erziihlte3

895 2558 1005 2588 etwas
1031 2554 1152 2588 anders
1179 2556 1209 2597 6,
1229 2556 1258 2597 2,
1274 2558 1305 2589 2.

1333 2614 1373 2646 14
