1731 2796
171 79 251 138 208
645 101 771 135 menn
795 101 835 135 Χ.
873 101 966 135 CAP.
992 105 1045 137 43.
1071 105 1125 136 44.
1395 96 1436 142 ἐ.
1457 121 1486 142 u.
1505 121 1532 143 ο.
1551 115 1612 143 461.

168 222 316 255 temere
347 216 419 255 sub
452 217 569 256 armis
601 218 710 256 strati
744 218 888 269 passim
919 218 1140 269 inquietum
1165 231 1282 258 omne
1304 224 1461 271 tempus
1485 219 1613 260 noctis

170 274 414 324 expectando
444 274 697 325 timendoque
720 274 849 314 lucem
873 287 1002 327 egere.
1044 276 1170 327 prima
1192 276 1279 315 luce
1302 276 1462 324 incerti,
1495 289 1613 328 quam

170 330 208 368 in
233 337 383 381 partem
417 331 671 370 intenderent
694 332 786 378 iter,
819 339 983 384 repente
1015 333 1054 371 in
1078 333 1207 384 fugam
1231 338 1542 372 consternantur
1563 333 1611 372 ab

101 395 136 427 13
168 387 380 438 equitibus,
403 388 469 439 qui
493 400 672 439 egressos
695 396 811 428 nocte
834 389 881 428 ab
905 389 1049 442 oppido
1068 390 1264 429 Samnites
1286 390 1485 442 persecuti
1506 390 1611 430 vide-

100 452 138 484 14
167 451 257 483 rant
286 445 577 484 multitudinem
611 458 691 484 non
724 447 844 493 vallo,
878 460 958 486 non
992 446 1227 487 stationibus
1257 447 1461 486 firmatam.
1514 459 1610 487 con-

168 508 303 553 specta
335 508 371 541 et
404 515 450 541 ex
481 502 603 541 muris
625 503 857 554 Aquiloniae
881 516 924 542 ea
946 503 1154 543 multitudo
1177 510 1278 550 erat,
1311 504 1469 556 iamque
1495 504 1613 544 etiam

110 554 115 589 l
168 558 410 609 legionariae
439 559 623 598 cohortes
645 560 924 610 sequebantur.
978 568 1154 600 ceterum
1178 573 1253 600 nec
1275 561 1394 613 pedes
1415 561 1613 613 fugientes

168 617 353 666 persequi
376 616 522 667 potuit,
555 622 591 655 et
615 616 661 654 ab
685 617 815 667 equite
839 618 1038 657 novissimi
1060 618 1226 668 agminis
1248 618 1409 657 ducenti
1430 618 1552 657 ferme
1575 624 1613 658 et

102 679 138 711 15
169 673 367 722 octoginta
391 673 604 721 interfecti;
639 685 742 712 arma
766 674 886 713 multa
908 675 1034 725 pavidi
1061 687 1104 713 ac
1125 675 1236 725 signa
1258 675 1440 714 militaria
1461 675 1611 714 duode-

169 729 304 780 viginti
328 730 544 780 reliquere;
572 730 647 769 alio
670 731 825 782 agmine
848 731 1051 779 incolumi,
1074 737 1117 770 ut
1139 744 1185 770 ex
1208 737 1315 770 tanta
1335 731 1612 783 trepidatione,

167 785 383 825 Bovianum
406 793 639 838 perventum
663 793 732 827 est.

99 846 150 881 44
283 843 484 882 Laetitiam
517 844 723 896 utriusque
762 845 957 884 exercitus
986 844 1153 883 Romani
1194 845 1301 884 auxit
1340 850 1378 884 et
1409 844 1456 883 ab
1491 845 1612 884 altera

128 910 132 943 ῑ
167 907 278 951 parte
295 901 463 940 feliciter
477 907 583 952 gesta
605 914 680 941 res.
717 908 884 953 uterque
902 915 949 941 ex
966 902 1125 941 alterius
1142 901 1339 941 sententia
1356 901 1497 941 consul
1518 914 1611 954 cap—

118 963 136 995 2
166 963 248 995 tum
283 958 471 1009 oppidum
503 959 768 1010 diripiendum
802 959 913 998 militi
946 959 1071 1006 dedit,
1105 959 1302 998 exhaustis
1333 958 1476 998 deinde
1498 959 1611 998 tectis

169 1014 301 1065 ignem
323 1015 477 1063 iniecit;
502 1015 719 1066 eodemque
742 1016 802 1055 die
820 1016 1029 1068 Aquilonia
1052 1022 1090 1055 et
1107 1016 1328 1055 Cominium
1349 1015 1611 1068 deflagravere

170 1078 207 1110 et
224 1072 408 1112 consules
426 1085 513 1111 cum
533 1073 795 1124 gratulatione
818 1080 953 1132 mutua
974 1073 1176 1125 legionum
1198 1071 1347 1124 suaque
1365 1079 1492 1113 castra
1514 1085 1610 1112 con-

119 1136 137 1167 3
170 1128 346 1168 iunxere.
395 1130 434 1168 in
459 1137 676 1181 conspectu
699 1131 867 1169 duorum
891 1131 1133 1170 exercituum
1157 1138 1194 1169 et
1217 1129 1402 1169 Carvilius
1423 1142 1516 1170 suos
1536 1142 1610 1182 pro

169 1185 359 1236 cuiusque
390 1187 531 1225 merito
564 1187 731 1225 laudavit
763 1188 1023 1239 donavitque,
1056 1193 1093 1227 et
1124 1187 1324 1239 Papirius,
1357 1187 1459 1239 apud
1493 1184 1611 1238 quem

168 1242 373 1293 multiplex
396 1243 433 1281 in
459 1243 553 1288 acie,
577 1244 679 1282 circa
703 1250 841 1292 castra,
869 1245 971 1284 circa
996 1245 1134 1283 urbem
1158 1246 1283 1284 suerat
1305 1251 1519 1293 certamen,
1542 1244 1610 1296 Sp.

168 1298 365 1346 Nautium,
385 1300 451 1351 Sp.
464 1300 677 1351 Papirium,
696 1302 826 1340 fratris
844 1301 979 1349 filium,
998 1308 1035 1340 et
1054 1308 1239 1352 quattuor
1256 1301 1511 1341 centuriones
1528 1313 1610 1340 ma-

117 1363 137 1394 4
168 1356 428 1407 nipulumque
454 1357 693 1396 hastatorum
716 1358 876 1397 armillis
893 1358 1102 1408 aureisque
1124 1358 1283 1397 coronis
1305 1358 1482 1397 donavit:
1505 1358 1609 1397 Nau-

168 1413 265 1451 tium
297 1419 463 1464 propter
487 1414 802 1465 expeditionem,
835 1427 908 1466 qua
933 1415 1062 1467 magni
1083 1413 1250 1465 agminis
1276 1414 1393 1453 modo
1414 1421 1611 1454 terruerat

165 1469 319 1517 hostes,
352 1470 533 1509 iuvenem
557 1471 754 1523 Papirium
787 1478 952 1523 propter
980 1478 1156 1510 navatam
1188 1483 1275 1510 cum
1310 1471 1485 1521 equitatu
1507 1471 1606 1510 etin

166 1526 316 1577 proelio
351 1539 510 1578 operam
552 1535 589 1567 et
621 1534 758 1576 nocte,
799 1541 875 1580 qua
907 1530 1037 1580 sugam
1070 1529 1250 1568 infestam
1284 1527 1527 1568 Samnitibus
1558 1528 1606 1567 ab

117 1591 136 1621 5
166 1583 374 1634 Aquilonia
398 1584 496 1623 clam
520 1585 686 1636 egressis
709 1586 811 1634 fecit,
835 1586 1091 1625 centuriones
1112 1585 1354 1636 militesque,
1378 1585 1469 1636 quia
1490 1584 1608 1636 primi

167 1684 285 1715 eodem
312 1685 398 1717 loco.
436 1704 479 1708 —
514 1684 673 1727 temere]*
705 1706 749 1711 —
773 1697 854 1729 pas·
921 1703 966 1715 =
988 1684 1070 1719 ‘und
1097 1685 1288 1719 ausserdem
1321 1674 1604 1728 (andererseits)’;

167 1731 244 1769 sim]
265 1730 346 1762 uber
364 1730 417 1763 die
432 1730 683 1773 Wortstellung
701 1742 726 1765 s.
742 1742 781 1765 zu
798 1733 851 1773 34,
923 1732 966 1765 ob
1001 1742 1038 1765 es
1070 1730 1124 1764 die
1159 1731 1246 1764 zwei
1277 1731 1505 1766 Centurionen
1538 1731 1607 1765 und

168 1776 198 1809 S.
223 1793 268 1799 —
293 1777 490 1817 inquietum
510 1801 516 1809 .
536 1803 543 1810 .
565 1779 678 1819 egere]
706 1788 731 1810 s.
753 1788 793 1810 zu
820 1781 850 1818 1,
923 1777 1218 1810 Subcenturionen
1245 1776 1305 1810 des
1331 1776 1458 1810 einen
1480 1776 1606 1810 hinter·

168 1823 198 1853 4.
215 1839 255 1843 —
274 1822 494 1862 eoepeetando
513 1847 520 1855 .
536 1824 557 1863 .]
577 1823 625 1855 sie
644 1826 851 1856 erwarteten

168 1865 390 1909 seltnsiichtig
426 1866 494 1900 und
533 1868 725 1901 siirchteten
763 1868 851 1902 doch

166 1911 340 1953 zugleich,
366 1927 408 1938 =
434 1917 532 1946 unter
559 1914 769 1956 angstvoller
794 1914 851 1947 Er-

167 1962 335 1999 wartnng.
361 1977 397 1981 —
422 1960 457 1990 in
477 1958 603 2000 fugam
622 1963 851 1992 consternan-

168 2002 259 2042 tm-*J
275 2005 310 2034 z'n
323 2001 450 2045 fugam
467 2003 667 2037 bezeichnet
681 2005 734 2038 die
746 2004 850 2048 Folge

167 2047 227 2079 des
253 2051 494 2087 consternarz·;
521 2059 546 2082 s.
569 2060 609 2082 zu
629 2053 659 2091 7,
677 2052 731 2090 42,
751 2052 781 2084 3.

218 2094 267 2125 13.
294 2103 451 2135 egressos
469 2119 476 2127 .
493 2120 500 2127 .
518 2096 560 2127 ab
588 2096 729 2138 oppido]
757 2107 781 2130 s.
809 2107 851 2130 zu

167 2138 222 2178 37,
249 2140 279 2171 τ.

215 2185 266 2217 15.
293 2185 364 2217 alio
379 2211 386 2219 .
409 2187 429 2226 .]
454 2182 527 2218 ‘mit
545 2185 621 2219 dem
639 2186 780 2230 iibrigen
797 2212 803 2219 .
819 2183 850 2227 .',

167 2238 266 2263 wozu
298 2230 350 2263 im*
378 2230 560 2273 folgenden
586 2232 704 2265 besser
731 2243 852 2275 perve-

166 2279 299 2308 ner-unt
325 2277 457 2319 gepasst
484 2278 586 2311 hatte.
614 2297 656 2301 ——
682 2282 723 2310 ut
747 2290 791 2311 αι)
807 2303 814 2312 .
830 2281 850 2319 .]

168 2319 220 2351 ein
247 2320 544 2357 beschrankender
575 2323 697 2357 Zusatz
731 2335 771 2357 zu
798 2327 852 2357 in-

168 2364 310 2409 columi,
333 2385 377 2396 =
408 2365 546 2402 ‘soweit
574 2378 610 2402 es
638 2370 853 2413 bei..1n('5g-

166 2409 233 2443 lich
253 2409 353 2454 war’3
381 2425 408 2449 s.
427 2426 467 2448 zu
487 2417 517 2456 5,
532 2417 585 2456 41,
605 2417 638 2454 13
664 2415 732 2458 vgl.
751 2417 804 2457 46,
820 2418 850 2450 2.

213 2455 275 2493 44.
304 2462 333 2493 1.
360 2473 425 2494 eoe.
442 2487 447 2493 .
462 2463 650 2502 sententia]
678 2472 703 2494 s.
724 2463 778 2503 30,
799 2464 826 2496 1.

214 2502 244 2534 2.
270 2507 463 2547 fflrlzauseis]
490 2507 766 2550 ausgepltindert.

215 2547 243 2579 3.
285 2553 319 2581 et
349 2556 521 2595 quattuor
551 2554 787 2594 centuriones]
818 2558 852 2587 et

922 1823 982 1856 her
1007 1822 1205 1856 erwahnten
1238 1821 1405 1864 Manipels
1436 1821 1529 1863 sind,
1562 1822 1607 1855 ist

922 1869 1015 1902 nicht
1040 1879 1082 1902 zu
1107 1867 1290 1901 erkennen.
1316 1887 1359 1892 —
1384 1867 1549 1908 armillis]
1577 1878 1604 1901 s.

924 1917 952 1955 1,
975 1917 1026 1955 11,
1045 1915 1080 1953 ὃς
1100 1913 1194 1948 Paul.
1210 1912 1301 1946 Diae.
1315 1912 1350 1948 S.
1366 1914 1425 1947 25:
1445 1913 1606 1946 armillas

921 1971 966 1992 θα)
991 1971 1100 2002 aut-o,
1137 1970 1225 2001 quas
1257 1960 1327 1991 viri
1359 1958 1533 1992 militares
1562 1960 1604 1991 ab

920 2006 1200 2049 imperatoribus
1222 2004 1349 2037 donati
1362 2007 1507 2046 gerunt,
1532 2004 1605 2036 dic-

922 2055 977 2083 tas
1001 2062 1072 2083 esse
1096 2052 1315 2091 eaez'scimant,
1345 2049 1442 2092 quod
1464 2051 1607 2092 antiqui

921 2098 1087 2129 humeros
1112 2106 1188 2128 cum
1215 2096 1391 2127 bracchiis
1411 2104 1531 2127 armos
1554 2095 1606 2127 di—

922 2143 1058 2174 cebant.
1073 2160 1117 2164 —
1131 2142 1284 2181 coronis]
1300 2139 1366 2182 vgl.
1381 2150 1423 2173 zu
1441 2143 1472 2182 7,
1492 2141 1545 2181 37,
1567 2143 1603 2179 1;

922 2187 1063 2220 anderer
1071 2186 1131 2219 Art
1145 2185 1220 2219 sind
1231 2185 1283 2218 die
1293 2187 1348 2226 46,
1361 2187 1379 2218 3
1394 2186 1605 2221 erwalinten.

968 2235 998 2266 4.
1025 2233 1117 2274 qua*
1131 2230 1312 2272 infestam]
1330 2230 1398 2273 vgl.
1412 2232 1466 2272 34,
1481 2232 1536 2274 28,
1552 2233 1603 2266 11.

922 2297 966 2302 -
997 2277 1098 2319 fecit]
1130 2287 1207 2310 man
1245 2279 1427 2310 erwartete
1458 2276 1604 2317 fecerat,

922 2324 987 2357 wie
1014 2327 1194 2356 terruerat
1226 2322 1296 2356 und
1325 2325 1508 2365 ceperant3
1543 2321 1603 2355 das

922 2369 1009 2403 Pers.
1035 2369 1080 2403 ist
1096 2369 1169 2402 hier
1190 2368 1387 2412 gebraucht,
1414 2367 1493 2400 weil
1510 2367 1603 2401 diese

921 2415 1010 2448 That
1041 2415 1101 2448 des
1134 2414 1289 2457 Papirius
1321 2417 1390 2447 erst
1421 2414 1511 2455 jetzt
1546 2413 1605 2446 be-

920 2461 1044 2494 richtet
1061 2459 1165 2499 wird;
1190 2459 1259 2503 vgl.
1277 2461 1309 2501 9,
1327 2459 1382 2499 46,
1403 2461 1462 2498 11;
1481 2460 1535 2501 23,
1551 2459 1604 2500 29,

923 2508 979 2546 16;
1007 2508 1061 2547 28,
1076 2507 1181 2547 22,4;
1208 2515 1250 2538 zu
1271 2506 1390 2548 1‚1,1.

966 2555 997 2586 5.
1036 2553 1257 2585 centuriones
1291 2550 1505 2593 militesque]
1542 2559 1604 2584 nur

1724 1627 1731 1749 ⁸.»„-—....-
1729 1609 1731 1612 .
1720 1483 1731 1593 *eL-affl*
1729 1460 1731 1462 .
