1779 2828
572 109 697 144 LIBER
722 110 790 145 vn.
839 111 932 145 CAP.
960 113 989 145 4.
1018 115 1047 147 5.
1466 111 1545 148 115

95 130 123 151 a.
143 122 211 151 Chr.
231 131 260 151 n.
280 124 340 151 363.
360 123 422 151 362.

95 227 319 282 penatibus,
350 229 437 267 foro
468 227 556 266 luce
585 238 806 279 congressu
836 227 1058 278 aequalium
1084 227 1340 280 prohibitum,
1373 229 1414 268 in
1446 241 1547 281 opus

95 286 247 334 servile,
264 297 390 338 prope
407 284 447 324 in
463 296 664 323 carcerem
680 290 797 336 atque
815 284 855 323 in
867 284 1108 336 ergastulum
1127 285 1289 332 dederit,
1308 285 1376 325 uhi
1394 299 1547 326 summo

96 344 184 384 loco
206 349 321 382 natus
338 341 568 382 dictatorius
600 341 753 381 iuvenis
775 341 971 381 cotidiana
992 342 1149 382 miseria
1172 342 1338 382 disceret
1361 356 1449 382 vere
1471 344 1544 383 im-

95 401 252 454 perioso
274 404 386 452 patre
408 411 450 439 se
472 405 610 438 natum
632 411 729 439 esse.
769 405 808 438 at
830 411 947 451 quam
970 399 1020 439 ob
1043 398 1217 439 noxam?
1251 400 1341 451 quia
1362 400 1547 440 infacun-

95 459 182 499 dior
210 457 260 497 sit
291 462 329 496 et
359 456 494 509 lingua
525 457 791 509 inpromptus.
851 456 957 508 quod
989 463 1152 497 naturae
1184 457 1372 496 damnum
1413 464 1546 497 utrum

96 513 354 555 nutriendum
379 514 502 566 patri,
533 515 566 554 si
588 514 804 566 quidquam
825 514 864 553 in
889 527 935 554 eo
957 515 1121 554 humani
1142 520 1256 563 esset,
1278 527 1325 554 an
1351 515 1546 567 castigan-

62 584 66 585 ’
95 572 188 612 dum
218 583 262 611 ac
292 572 497 611 vexatione
525 572 681 624 insigne
715 571 941 611 faciendum
964 571 1114 612 fuisse?
1166 585 1215 611 ne
1238 579 1366 612 mutas
1388 573 1547 624 quidem

93 629 238 670 bestias
266 629 400 668 minus
430 629 535 668 alere
565 642 609 668 ac
631 629 786 677 fovere,
816 629 849 668 si
880 630 973 681 quid
1006 642 1053 669 ex
1083 630 1277 682 progenie
1306 642 1375 670 sua
1406 642 1547 682 parum

93 698 332 740 prosperum
360 686 428 735 sit;
459 693 497 726 at
527 686 689 726 hercule
717 686 760 726 L.
783 686 972 726 Manlium
1002 687 1151 727 malum
1181 687 1282 726 malo
1312 699 1456 738 augere
1478 687 1547 727 filii

95 751 134 785 et
154 743 376 783 tarditatem
399 744 550 796 ingenii
573 744 738 796 insuper
758 756 942 796 premere
965 751 1024 791 et,
1056 745 1088 785 si
1110 745 1203 797 quid
1226 745 1266 784 in
1291 757 1337 784 eo
1361 745 1546 797 exiguum

96 801 286 842 naturalis
304 801 450 853 vigoris
466 802 529 849 sit,
551 801 588 841 id
607 801 838 853 extinguere
860 802 937 841 vita
958 802 1103 854 agresti
1125 809 1164 842 et
1180 802 1328 842 rustico
1353 803 1461 842 cultu
1484 803 1546 842 in-

93 866 156 899 ter
176 858 351 912 pecudes
367 858 565 899 habendo.
616 859 795 898 omnium
817 860 950 911 potius
973 860 1034 900 his
1056 859 1402 899 criminationibus
1425 872 1542 912 quam

94 917 219 969 ipsius
245 916 397 956 iuvenis
418 916 603 956 inritatus
625 923 682 956 est
706 916 879 966 animus;
913 917 1009 969 quin
1033 924 1191 965 contra,
1223 930 1263 957 se
1287 930 1446 969 quoque
1477 930 1545 970 pa-

94 974 198 1014 renti
238 985 394 1013 causam
437 974 604 1013 invidiae
643 980 760 1026 atque
793 975 1005 1014 criminum
1042 987 1126 1014 esse
1159 987 1274 1027 aegre
1305 987 1464 1027 passus,
1505 982 1547 1014 ut

95 1044 236 1072 omnes
265 1031 303 1070 di
331 1031 594 1083 hominesque
623 1031 773 1071 scirent
802 1045 844 1071 se
866 1032 1022 1084 parenti
1052 1045 1167 1084 opem
1190 1032 1307 1072 latam
1330 1045 1447 1084 quam
1469 1032 1546 1072 ini-

94 1089 209 1129 micis
238 1089 322 1129 eius
351 1088 488 1136 malle,
524 1089 628 1141 capit
659 1089 870 1129 consilium
901 1090 1010 1129 rudis
1040 1089 1200 1141 quidem
1232 1096 1350 1141 atque
1380 1090 1546 1142 agrestis

96 1146 217 1186 animi
232 1147 300 1186 sed
322 1158 563 1198 quamquam
586 1159 667 1186 non
687 1146 809 1186 civilis
824 1147 1005 1199 exempli,
1028 1154 1159 1187 tamen
1178 1148 1321 1199 pietate
1339 1147 1543 1187 laudabile.

95 1203 358 1244 inscientibus
391 1204 546 1243 cunctis
574 1204 701 1243 cultro
734 1204 962 1244 succinctus
992 1217 1108 1245 mane
1137 1205 1177 1244 in
1208 1204 1348 1244 urbem
1378 1211 1494 1256 atque
1525 1217 1546 1243 a

94 1267 211 1314 porta
232 1261 393 1301 domum
416 1261 625 1301 confestim
648 1261 695 1300 ad
716 1261 766 1300 Μ.
789 1261 1056 1314 Pomponium
1077 1262 1283 1302 tribunum
1306 1262 1455 1314 pergit3
1489 1263 1544 1301 ia-

96 1319 217 1358 nitori
248 1331 350 1371 opus
382 1331 467 1359 esse
498 1318 572 1358 sibi
604 1319 765 1358 domino
797 1319 881 1359 eius
903 1326 1100 1359 convento
1124 1320 1323 1372 extemplo
1346 1320 1416 1359 ait:
1440 1332 1544 1359 nun-

95 1376 212 1416 tiaret
238 1376 284 1415 T.
306 1375 496 1416 Manlium
519 1376 562 1415 L.
585 1376 611 1416 f.
643 1388 742 1416 esse.
794 1389 886 1416 mox
908 1377 1161 1417 introductus
1190 1400 1244 1405 ——
1276 1377 1422 1416 etenim
1452 1389 1545 1429 per-

96 1433 218 1474 citum
256 1434 313 1473 ira
353 1433 394 1473 in
426 1440 580 1486 patrem
619 1447 709 1486 spes
750 1440 834 1473 erat
864 1442 931 1474 aut
971 1435 1148 1475 criminis
1179 1435 1324 1486 aliquid
1357 1434 1447 1474 novi
1479 1442 1544 1474 aut

96 1534 182 1577 gab,
219 1533 368 1568 sondern
405 1534 465 1569 das
501 1534 687 1568 Versahren
723 1534 784 1568 des

95 1579 244 1614 Manlius
268 1580 335 1614 soll
359 1591 423 1614 nur
444 1581 539 1614 seine
557 1580 681 1614 Roheit
707 1581 785 1614 cha-

94 1625 348 1660 rakterisieren.
361 1646 407 1650 —
423 1625 520 1668 foro]
535 1637 561 1661 s.
578 1628 609 1667 6,
626 1628 678 1668 14,
694 1629 724 1660 7.
741 1645 784 1650 —

97 1672 185 1713 luce]
203 1671 277 1705 hier
297 1672 491 1716 uberhaupt
509 1673 569 1706 das
587 1672 784 1706 offentliche

96 1717 210 1751 Leben
234 1717 268 1750 in
295 1717 354 1751 der
371 1717 481 1759 Stadt,
507 1718 553 1751 im
572 1718 784 1761 Gegensatze

96 1774 139 1797 zu
163 1764 338 1802 latebram
364 1763 433 1806 vgl.
454 1763 521 1797 Cic.
541 1774 574 1806 p.
590 1763 668 1797 Ser.
683 1763 784 1797 Rosc.

99 1812 152 1843 15.
180 1811 232 1843 17.
249 1829 294 1833 —
312 1820 400 1852 opus
416 1809 555 1850 servile]
574 1809 784 1843 rhetorische

903 1538 933 1569 7.
948 1539 985 1568 at
1002 1536 1156 1576 hercule]
1172 1534 1399 1578 bekraftigter
1413 1534 1544 1578 Gegen-

856 1586 940 1623 satz,
966 1581 1032 1614 wie
1052 1584 1082 1622 5,
1098 1583 1128 1623 6,
1145 1582 1197 1614 12.
1223 1600 1267 1605 -
1286 1581 1419 1613 malum
1436 1582 1543 1622 malo]

855 1638 882 1660 s.
901 1629 932 1668 4,
952 1629 1006 1669 49,
1029 1630 1084 1666 11;
1110 1627 1180 1670 vgl.
1204 1630 1233 1668 1,
1250 1628 1304 1669 46,
1325 1629 1360 1664 ῖ;
1389 1628 1419 1667 3,
1441 1629 1492 1668 16,
1511 1630 1543 1661 4.

854 1692 899 1697 -—
933 1673 1021 1715 quid
1050 1697 1057 1706 .
1081 1699 1088 1706 .
1121 1674 1308 1715 eoez'guum]
1347 1673 1419 1706 hier
1450 1673 1543 1706 nicht

856 1720 1016 1797 e‘f'iss’„
1035 1718 1353 1797 Eteneiffllssliffl
1384 1722 1423 1759 (5·
1454 1720 1474 1761 ἓ
1501 1720 1545 1761 ‘³³’

856 1774 939 1846 Ἤ951.
966 1812 996 1843 2.
1023 1810 1060 1842 di
1085 1790 1326 1852 hominesqze]
1356 1819 1383 1843 s.
1411 1810 1441 1852 2,
1461 1813 1491 1844 5.
1515 1813 1546 1843 7.

95 1854 339 1898 Bezeichnung
368 1854 428 1888 der
451 1858 526 1888 vita
552 1858 722 1898 agrestz‘s;
757 1865 785 1889 s.

95 1901 117 1946 ξ
131 1903 168 1939 ’ῒ;
191 1902 224 1943 5,
238 1902 270 1935 9.
283 1920 327 1925 -
341 1901 575 1943 ergastulum]
595 1911 622 1934 s.
638 1903 668 1944 2,
684 1902 738 1942 23,
754 1902 783 1934 6.

143 1949 175 1981 5.
199 1947 369 1988 noxam*]
400 1957 420 1974 Β
454 1958 496 1980 zu
529 1949 560 1988 2,
584 1949 638 1988 54,
662 1949 714 1982 10.
739 1965 785 1971 -

94 1991 344 2034 infacundior]
370 1993 440 2035 vgl.
467 1994 522 2035 33,
540 1994 595 2035 23,
621 1995 656 2027 8:
682 1994 785 2026 inlzo-

96 2040 280 2078 noratior3
304 2039 359 2080 36,
379 2040 431 2081 17,
451 2040 484 2072 3:
512 2040 784 2082 inexsuperabi-

98 2085 185 2124 lior;
218 2083 442 2124 infacundus
465 2085 534 2118 und
559 2087 786 2128 inpromptus

98 2129 174 2163 sind
198 2130 293 2163 wohl
318 2141 382 2164 vor
405 2130 520 2164 Livius
546 2131 658 2172 nicht,
686 2131 786 2164 fiber-

98 2175 206 2220 haupt
218 2176 297 2210 sehr
310 2177 418 2210 selten
434 2176 623 2219 gebraueht
632 2176 786 2210 worden.

145 2223 177 2256 6.
200 2223 448 2263 nutriendum]
479 2222 538 2256 der
563 2222 666 2255 Vater
691 2222 786 2255 hatte

99 2267 787 2347 ffitfftffissffitnb‘tsstfitssssffittsstz

102 2358 182 2392 aber
205 2369 312 2399 uSW.;
336 2359 409 2403 vgl.
431 2362 461 2401 4,
477 2361 532 2401 52,
546 2361 565 2393 3
578 2339 608 2398 3⁰
618 2359 737 2393 Celsus
756 2361 788 2401 5,

102 2405 157 2446 26,
175 2405 233 2438 33:
258 2407 402 2438 nutrire
427 2430 435 2439 .
453 2430 462 2439 .
486 2405 604 2444 ulcus3
632 2407 663 2448 6,
679 2407 784 2447 6,16;

100 2451 243 2482 nutrire
271 2476 279 2484 .
297 2475 306 2484 .
336 2453 490 2485 morbos.
524 2471 566 2476 —
598 2462 642 2483 ne
669 2454 789 2483 mutas

102 2495 244 2537 quidem
268 2522 276 2530 .
302 2498 326 2538 .]
359 2497 429 2540 vgl.
456 2497 523 2530 Cic.
548 2497 638 2531 Lael.
665 2498 719 2530 27.
744 2516 788 2520 —

100 2543 323 2619 ρξοηᾶεηυη]
354 2541 431 2576 dem
456 2542 609 2576 Wunsch
635 2546 788 2585 entspre-

105 2594 123 2617 c
149 2595 191 2619 en
216 2611 225 2620 .

856 1875 897 1879 —
917 1858 1054 1889 scirent
1071 1882 1078 1889 .
1095 1858 1115 1897 .]
1136 1855 1205 1899 vgl.
1225 1857 1255 1896 8,
1272 1858 1302 1895 7,
1320 1857 1372 1889 13.
1390 1875 1433 1880 —
1450 1856 1545 1897 sed]*

863 1922 900 1925 —
926 1901 1054 1943 eit-ilis]
1089 1912 1114 1935 s.
1141 1903 1172 1944 6,
1195 1903 1251 1944 40,
1274 1904 1336 1939 15;
1370 1902 1454 1935 fiber
1479 1902 1543 1935 den

856 1947 1016 1981 Wechsel
1042 1947 1101 1980 der
1126 1947 1226 1981 Porm
1252 1958 1278 1981 S.
1307 1949 1361 1990 23,
1382 1949 1417 1986 ὃς
1444 1958 1485 1981 zu
1511 1949 1544 1989 3,

901 2042 932 2074 3.
965 2040 1209 2080 inscientibus]
1243 2038 1313 2081 vgl.
1347 2040 1400 2080 21,
1428 2040 1480 2080 12,
1505 2041 1543 2072 4:

856 2087 990 2118 insciis.
1008 2103 1051 2109 -—
1069 2085 1211 2117 domum
1230 2110 1237 2117 .
1253 2110 1260 2117 .
1280 2085 1337 2126 ad]
1356 2084 1428 2127 vgl.
1443 2087 1473 2126 ὃ,
1489 2087 1543 2121 47,

858 2134 892 2171 ἵ;
907 2131 963 2164 hei
978 2131 1111 2164 Cicero:
1130 2131 1320 2173 Pomponii
1333 2131 1486 2163 domum.
1499 2150 1544 2154 —

857 2188 944 2221 opus
969 2188 1040 2209 esse
1065 2201 1073 2209 .
1090 2201 1097 2209 .
1123 2178 1308 2217 convento]
1335 2186 1361 2209 s.
1382 2186 1424 2209 zu
1443 2178 1474 2218 3,
1490 2178 1543 2213 27,

858 2226 889 2258 7.
914 2242 956 2246 —
985 2221 1174 2266 extemplo]
1206 2222 1272 2255 wie
1306 2222 1430 2255 vorher
1463 2233 1544 2254 con-

856 2267 976 2308 festim
1002 2268 1107 2301 durch
1125 2267 1179 2301 die
1198 2267 1357 2310 Stellung
1374 2267 1542 2309 gehoben.

858 2335 902 2339 —
919 2314 1094 2347 Manlium
1111 2339 1120 2347 .
1135 2339 1142 2347 .
1162 2315 1245 2354 esse]
1263 2312 1408 2346 Manlius
1428 2313 1475 2345 sei
1495 2323 1542 2354 es,

859 2360 918 2394 der
930 2359 1154 2402 vorgelassen
1168 2370 1210 2392 zu
1220 2357 1358 2391 werden
1367 2358 1542 2392 wfinsche.

905 2408 937 2440 4.
963 2416 1039 2448 spes
1063 2407 1143 2438 erat
1155 2430 1162 2438 .
1179 2431 1186 2437 .
1203 2403 1354 2444 deferre]
1380 2413 1406 2436 s.
1424 2406 1453 2446 1,
1469 2407 1499 2446 5,
1511 2406 1542 2438 5.

858 2470 902 2475 —
937 2452 1101 2483 criminis
1127 2476 1134 2483 .
1178 2476 1185 2485 .
1217 2451 1316 2490 novi]
1349 2450 1424 2483 eine
1455 2460 1542 2483 neue

858 2495 1160 2538 Anschuldigung,
1196 2494 1250 2528 die
1276 2494 1334 2528 der
1358 2494 1543 2538 Anklager‚

859 2551 960 2574 wenn
997 2541 1051 2574 die
1085 2540 1194 2574 Sache
1231 2551 1293 2574 vor
1329 2540 1404 2574 dem
1430 2540 1542 2575 Volke

858 2586 1060 2620 verhandelt
1080 2586 1210 2629 winde,
1236 2597 1295 2620 zur
1312 2586 1542 2631 Begrfindung

1219 2645 1267 2678 S*
