1731 2796
99 93 150 132 58
608 91 735 126 LlBER
761 92 813 127 VI.
863 91 958 127 CAP.
984 93 1038 127 23.

1341 111 1368 132 a.
1389 111 1418 132 u.
1439 111 1466 132 ο.
1486 103 1548 131 373.

46 219 63 250 5
95 209 286 249 bellatore
309 209 455 249 sactum
474 214 526 255 et,
549 209 616 261 qui
639 208 853 249 adveniens
875 214 1002 249 castra
1025 207 1225 260 urbesque
1246 208 1376 261 primo
1398 208 1549 262 impetu

96 279 237 320 rapere
259 266 308 306 sit
329 266 481 314 solitus,
513 279 603 306 eum
626 266 796 306 residem
819 267 921 306 intra
944 266 1085 306 vallum
1107 272 1265 318 tempus
1286 272 1430 315 terere,
1453 267 1546 319 quid

46 333 66 365 6
97 337 350 364 accessurum
373 324 454 364 suis
473 325 778 364 decessurumve
800 324 973 364 hostium
992 322 1141 364 viribus
1163 331 1404 376 sperantem,
1428 336 1546 376 quam

98 382 361 430 occasionem,
386 382 491 433 quod
515 388 685 434 tempus,
709 394 826 433 quem
853 381 1006 421 insidiis
1026 381 1272 422 instruendis
1294 380 1455 421 locum?
1478 382 1548 421 fri-

45 449 62 481 τ
93 452 187 493 gere
210 452 255 479 ac
283 446 443 492 torpere
465 440 572 480 senis
603 439 780 479 consilia.
823 440 889 479 sed
913 438 1075 478 Camillo
1103 451 1193 478 cum
1225 439 1326 479 vitae
1347 439 1441 479 satis
1462 447 1547 478 tum

95 498 242 550 gloriae
277 510 382 546 esse3
426 497 518 548 quid
550 497 720 536 attinere
750 509 840 536 cum
872 496 1028 536 mortali
1059 508 1228 548 corpore
1256 508 1339 536 uno
1371 496 1547 542 civitatis,

47 564 65 598 s
97 567 215 607 quam
240 554 490 594 inmortalem
514 567 598 594 esse
621 554 769 601 deceat,
796 554 875 607 pati
899 566 1188 594 consenescere
1210 552 1341 593 vires?
1382 553 1444 594 his
1465 566 1548 594 ser-

95 612 284 652 monibus
305 618 385 651 tota
407 612 446 650 in
470 625 512 651 se
535 618 725 651 averterat
743 618 885 657 castra,
909 618 948 650 et
971 623 1061 650 cum
1079 610 1266 651 omnibus
1287 611 1385 651 locis
1405 624 1549 664 posce-

93 676 205 709 retur
226 681 384 722 pugna,
412 663 638 709 ‘sustinere'
665 669 813 721 inquit,
833 664 902 708 εΜ.
927 668 1019 708 Furi
1035 700 1044 716 ,
1075 681 1156 708 non
1187 681 1400 721 possumus
1421 668 1549 721 impe-

93 734 177 766 tum
199 727 391 774 militum,
425 733 462 765 et
491 727 637 772 hostis,
662 726 775 766 cuius
805 727 959 766 animos
991 726 1217 766 cunctando
1239 726 1440 774 auximus,
1474 726 1548 765 iam

93 785 256 824 minime
272 784 477 823 toleranda
499 783 685 836 superbia
709 784 892 832 insultat3
924 784 1020 823 cede
1042 796 1148 824 unus
1170 783 1357 823 omnibus
1379 790 1418 823 et
1438 790 1548 836 pate-

45 852 63 884 9
94 854 137 881 re
159 849 197 882 te
220 842 321 882 vinci
346 842 536 888 consilio,
570 847 613 880 ut
645 842 836 881 maturius
866 841 969 881 bello
1000 834 1158 881 vincas.³
1203 841 1250 880 ad
1282 853 1326 880 ea
1349 840 1547 889 Camillus,

95 912 195 951 quae
218 899 319 939 bella
342 912 413 939 suo
437 899 556 939 unius
579 899 755 951 auspicio
778 905 886 950 gesta
909 899 957 938 ad
985 910 1070 937 eam
1093 899 1196 938 diem
1219 904 1372 945 essent,
1403 910 1550 951 negare

94 958 134 996 in
167 958 222 997 eis
255 969 385 1009 neque
418 970 459 996 se
490 969 621 1009 neque
653 957 845 1009 populum
868 956 1094 996 Romanum
1127 962 1194 996 aut
1223 955 1379 996 consilii
1401 955 1462 996 sui
1484 962 1552 995 aut

93 1015 279 1054 fortunae
302 1014 566 1066 paenituisse;
599 1026 708 1054 nunc
730 1015 832 1054 scire
859 1026 901 1053 se
923 1013 1112 1066 collegam
1146 1013 1294 1052 habere
1316 1013 1403 1053 iure
1424 1013 1551 1066 impe-

26 1081 62 1113 10
92 1072 231 1124 rioque
265 1084 420 1124 parem,
452 1072 586 1124 vigore
617 1072 754 1111 aetatis
785 1077 1075 1124 praestantem3
1106 1071 1239 1122 itaque
1271 1083 1333 1119 se,
1364 1071 1472 1122 quod
1504 1070 1551 1110 ad

94 1129 311 1169 exercitum
332 1129 510 1176 attineat,
529 1141 667 1181 regere
679 1141 909 1177 consuesse,
926 1141 1008 1168 non
1027 1128 1131 1181 regi3
1151 1128 1324 1181 collegae
1340 1127 1552 1180 imperium

93 1200 134 1227 se
168 1200 248 1226 non
283 1200 399 1239 posse
434 1184 626 1239 inpedire.
670 1186 729 1226 dis
759 1186 863 1226 bene
893 1185 1119 1226 iuvantibus
1149 1192 1303 1238 ageret,
1333 1185 1438 1237 quod
1462 1198 1483 1226 e
1505 1198 1548 1225 re

22 1252 61 1286 11
92 1244 252 1296 publica
275 1244 460 1297 duceret3
493 1244 609 1283 aetati
631 1257 724 1284 suae
746 1257 788 1284 se
810 1244 965 1284 veniam
988 1255 1074 1283 eam
1096 1249 1254 1296 petere,
1286 1255 1337 1283 ne
1358 1243 1400 1282 in
1421 1242 1549 1295 prima

94 1302 176 1342 acie
201 1308 325 1350 esset;
349 1314 449 1353 quae
472 1302 580 1341 senis
602 1302 737 1342 munia
759 1302 799 1341 in
819 1301 922 1341 bello
947 1301 1040 1349 sint,
1062 1300 1109 1341 iis
1130 1313 1172 1341 se
1195 1313 1275 1340 non
1300 1300 1546 1340 defuturum.

140 1394 170 1426 5.
203 1403 330 1434 rapere
338 1392 369 1433 *]
402 1409 447 1421 =
472 1394 605 1434 raptim
637 1403 782 1435 capere;

93 1447 119 1471 s.
136 1440 166 1479 3,
181 1439 236 1480 23,
252 1439 290 1476 3;
307 1440 360 1478 30,
379 1440 430 1479 14,
446 1439 476 1471 2.
492 1437 708 1479 —residem]
723 1449 785 1471 vor

902 1393 932 1425 8.
958 1393 1152 1432 averterat]
1179 1400 1205 1424 s.
1222 1392 1253 1432 9,
1275 1392 1314 1431 9;
1341 1392 1396 1432 22,
1420 1392 1550 1430 14,15;

859 1448 899 1471 zu
930 1439 958 1477 1,
976 1438 1029 1478 12,
1047 1439 1098 1472 10.
1117 1456 1161 1461 —
1177 1447 1273 1469 unus
1292 1438 1469 1478 omnihus]
1495 1437 1551 1470 die

93 1483 164 1516 Liv.
191 1484 305 1526 wenig
331 1483 535 1526 gebraucht;
562 1493 590 1517 s.
606 1485 660 1525 25,
674 1486 706 1523 6,
722 1485 783 1523 21;

93 1529 154 1562 der
180 1529 459 1571 gewohnlichere
484 1529 666 1563 Ausdruck
694 1531 784 1563 ware

94 1576 258 1608 desidem.
272 1595 315 1600 —
331 1576 420 1618 quid
432 1600 439 1608 .
457 1602 463 1608 .
478 1578 673 1618 sperantes]
688 1586 714 1609 s.
731 1577 784 1617 21,

94 1624 149 1663 30,
169 1623 205 1655 ὃς
233 1621 322 1663 quid
346 1621 538 1661 credentes,
564 1621 700 1655 ahnlich
727 1622 786 1655 der

94 1667 317 1710 Verbindung
349 1668 438 1710 quid
461 1671 501 1699 ut
526 1670 558 1708 4,
584 1670 639 1709 49,
665 1670 716 1702 15.
744 1686 784 1691 —

93 1723 319 1745 accessurum
335 1740 341 1746 .
358 1740 364 1746 .
385 1713 625 1754 decessurum]
646 1713 716 1757 vgl.
733 1715 787 1755 27,

140 1806 170 1838 6.
196 1805 340 1837 insidiis
372 1805 624 1837 instruendis*
659 1805 788 1846 Iocum]

93 1860 119 1882 s.
136 1853 166 1890 5,
183 1853 236 1891 54,
258 1853 296 1889 4;
324 1852 378 1891 21,
401 1853 456 1891 47,
481 1852 511 1884 6.
527 1850 722 1893 -s'rigere
746 1861 789 1883 ac

93 1898 247 1938 torpere]
264 1906 289 1929 s.
304 1899 330 1936 l,
345 1899 399 1935 41,
415 1900 450 1935 3;
471 1896 663 1939 Gegensatz
678 1907 719 1930 zu
734 1898 788 1937 22,

95 1944 131 1974 ἵε
158 1944 346 1983 vegetum.
368 1955 393 1974 .:
421 1942 538 1975 hatten
565 1942 650 1975 alles
676 1942 783 1975 Feuer

93 1987 162 2019 und
188 1987 301 2020 Leben
328 1987 495 2027 verloren,
523 1988 617 2020 seien
644 1991 784 2021 erstarrt

92 2033 161 2065 und
196 2032 358 2075 gelahmt.
381 2052 423 2057 —
449 2034 611 2073 consilia]
647 2032 784 2076 haufige

93 2078 358 2120 Vertauschung
383 2078 442 2111 des
462 2077 642 2120 Subjekts:
668 2089 785 2111 senem

93 2127 132 2157 in
157 2125 318 2157 consiliis
344 2124 539 2165 capiendis.

142 2173 171 2204 7.
189 2170 251 2202 sed
265 2170 414 2203 Camillo
428 2195 435 2202 .
451 2171 472 2210 .]
491 2170 545 2202 ein
565 2169 786 2211 untergeord-

96 2221 190 2250 neter
201 2215 363 2249 Gedanke
381 2216 436 2256 ist,
457 2225 511 2248 um
528 2215 585 2248 ihn
600 2225 642 2248 zu
661 2215 783 2257 beben,

94 2263 127 2295 in
156 2262 215 2295 der
234 2260 331 2294 Form
350 2262 444 2294 eines
462 2260 689 2304 Hauptsatzes
708 2270 784 2294 aus-

96 2307 281 2350 gedrfickt:
311 2307 364 2340 bei
383 2306 545 2340 Camillus
571 2306 619 2339 sei
639 2306 699 2339 das
725 2316 785 2339 na-

95 2353 229 2391 turlich,
256 2353 347 2393 aber,
373 2363 475 2386 wenn
501 2352 588 2386 auch
613 2362 649 2385 er
672 2377 681 2386 .
701 2378 720 2393 .‚
746 2362 785 2385 so

96 2398 193 2432 durse
209 2399 297 2431 doch
312 2399 406 2432 nicht
420 2424 428 2432 .
440 2424 448 2432 .
459 2418 502 2422 —
517 2399 605 2441 quid
617 2400 784 2439 attinere]

95 2444 251 2477 welchen
286 2444 413 2477 Zweck
446 2444 534 2478 habe
568 2455 622 2485 es,
656 2454 786 2477 warum

95 2490 244 2528 solle..;
271 2500 297 2522 ς.
322 2491 353 2532 2,
375 2493 431 2532 41,
451 2492 489 2529 ὃς
514 2492 643 2531 37,15,
666 2491 685 2524 2
708 2500 740 2523 u.
756 2499 787 2524 a.

94 2553 139 2559 —
164 2536 402 2576 inmortalem]
439 2547 465 2570 s.
495 2538 549 2577 23,
582 2537 635 2576 23,
660 2538 712 2570 11.
742 2555 786 2560 —

96 2583 354 2622 consenescere]
382 2591 408 2615 s.
435 2592 476 2615 zu
498 2584 552 2623 25,
567 2584 599 2623 7,
615 2584 670 2616 11.

856 1482 1213 1526 Zusammenstellung
1233 1482 1315 1516 heht
1331 1481 1398 1516 den
1416 1482 1550 1526 Gegen-

856 1533 941 1563 satz.

903 1577 934 1609 9.
959 1585 1025 1607 suo
1050 1575 1171 1615 unius]
1205 1582 1233 1607 s.
1260 1574 1291 1613 2,
1307 1574 1391 1616 8‚3;
1418 1576 1449 1615 7,
1463 1575 1548 1616 9‚8;

857 1621 945 1655 auch
969 1621 1002 1653 in
1029 1619 1106 1653 dem
1131 1619 1260 1653 letzten
1279 1619 1404 1663 Kriege
1429 1619 1489 1653 hat
1515 1630 1551 1654 er

858 1666 962 1700 allein
996 1665 1057 1699 das
1083 1665 1297 1699 Kommando
1331 1665 1490 1709 gesfihrt3
1522 1676 1550 1699 s.

858 1715 890 1755 6,
904 1715 935 1747 7.
960 1731 1007 1736 -
1031 1721 1166 1754 negare
1184 1737 1191 1744 .
1206 1736 1215 1745 .
1232 1722 1348 1755 neque
1370 1737 1378 1745 .
1393 1738 1400 1746 .
1425 1713 1550 1755 neque]

858 1769 886 1792 s.
914 1759 1012 1800 1,36‚
1033 1759 1070 1797 3;
1096 1757 1182 1791 fiber
1207 1760 1271 1790 aut
1296 1783 1327 1792 ..
1353 1761 1418 1791 aut
1441 1768 1468 1792 s.
1495 1759 1550 1800 22,

860 1806 891 1846 2,
906 1805 937 1838 6.
954 1823 999 1828 —
1013 1805 1248 1847 paenituisse]
1266 1803 1354 1837 habe
1372 1803 1474 1837 keine
1488 1802 1551 1837 Ur-

860 1849 963 1883 sache
989 1849 1118 1892 gehabt
1148 1849 1374 1883 unzufn'eden
1405 1859 1447 1882 zu
1474 1849 1549 1882 sein

860 1894 1048 1929 besonders
1081 1896 1117 1928 in
1142 1894 1260 1938 Bezug
1284 1894 1345 1928 auf
1365 1893 1549 1935 fortunae,

854 1942 889 1974 in
916 1941 1034 1983 Bezug
1059 1939 1120 1974 auf
1141 1951 1178 1973 se
1203 1966 1212 1975 .
1228 1965 1236 1974 .
1260 1942 1320 1972 sui
1344 1940 1549 1973 consilii=

855 1998 896 2020 zu
923 1987 1082 2020 bereuen.
1109 2005 1153 2009 -——
1178 1987 1288 2027 nunc]
1315 1996 1341 2019 s.
1369 1987 1402 2028 3,
1423 1988 1548 2026 40,10.

901 2035 954 2066 10.
980 2033 1105 2074 itaque
1129 2042 1165 2063 se
1190 2056 1198 2065 .
1220 2034 1242 2073 .]
1268 2031 1423 2065 dieselbe
1448 2030 1548 2065 Form

855 2078 922 2111 wie
948 2078 968 2120 ξ
997 2079 1034 2110 7;
1069 2087 1105 2110 er
1129 2077 1234 2110 wolle
1259 2076 1375 2120 daher,
1406 2077 1487 2111 weil
1513 2088 1549 2111 er

855 2123 951 2156 nicht
975 2122 1142 2166 gewohnt
1166 2123 1227 2163 sei,
1246 2148 1254 2157 .
1269 2148 1278 2156 .
1303 2142 1348 2146 —
1370 2123 1547 2166 inpedire]

855 2170 926 2212 vgl.
954 2171 1008 2209 22,
1030 2170 1087 2211 45,
1102 2170 1132 2201 5.
1158 2187 1204 2192 —
1229 2169 1285 2201 dis
1310 2169 1396 2202 bene
1419 2171 1548 2203 iuvan-

855 2216 961 2255 tibus]
988 2214 1058 2256 vgl.
1084 2216 1139 2253 44,
1155 2215 1209 2256 38,
1224 2216 1255 2247 7.

905 2262 957 2295 11.
984 2261 1111 2300 aetati]
1130 2255 1201 2293 ‘fur
1236 2259 1309 2293 sich
1345 2259 1396 2293 als
1421 2254 1546 2299 Greis’3

856 2316 883 2339 s.
910 2307 1009 2346 3‚12‚
1033 2307 1063 2340 8.
1089 2324 1133 2329 —
1159 2306 1271 2347 eamJ*
1295 2324 1340 2329 —
1363 2316 1409 2337 ne
1432 2307 1477 2346 ..]
1503 2306 1549 2339 ist

858 2351 1048 2394 Erklarung
1073 2361 1115 2384 zu
1145 2362 1237 2389 eam;
1271 2351 1342 2393 vgl.
1368 2350 1479 2384 Praei.
1506 2354 1545 2390 ῖς

858 2397 962 2430 wolle
994 2396 1089 2430 nicht
1123 2407 1185 2431 nur
1210 2396 1306 2430 nicht
1330 2421 1339 2430 .
1358 2421 1366 2430 .
1391 2397 1547 2439 hindern‚

857 2443 1004 2476 sondern
1031 2443 1127 2483 bitte,
1153 2442 1283 2476 seinem
1306 2441 1474 2485 Kollegen
1492 2442 1547 2476 die

857 2499 965 2531 ganze
990 2488 1135 2530 Leitung
1168 2488 1228 2521 der
1253 2488 1416 2521 Schlacht
1447 2488 1546 2522 uber-

856 2534 1013 2575 lassend,
1050 2544 1153 2577 sogar
1184 2544 1241 2568 um
1276 2533 1331 2567 die
1366 2533 1548 2567 Erlaubnis

856 2590 943 2614 uSW.
962 2599 1005 2604 —
1021 2581 1160 2621 munia]
1179 2590 1205 2614 s.
1224 2582 1256 2622 7,
1270 2581 1325 2622 33,
1342 2581 1378 2621 1;
1403 2590 1448 2613 zu
1471 2590 1548 2613 mu-
