1731 2796
778 529 828 575 T.
866 529 979 575 LIVI

425 612 481 647 AB
515 611 626 647 vRssE
660 611 851 647 CONmTA
882 611 997 647 Llssm
1029 611 1071 647 vl
1104 610 1343 647 PER1ocHA.

255 698 321 732 Res
355 698 518 732 adversus
544 697 690 732 Volscos
724 703 757 732 et
783 699 922 742 Aequos
957 702 991 731 et
1017 697 1259 732 Praenestinos
1290 708 1454 742 prospere
1489 701 1606 741 gestas

164 745 326 778 continet.
369 748 530 788 quattuor
548 744 656 777 tribus
675 743 845 777 adiectae:
872 744 1063 784 Stellatina,
1082 743 1314 786 Tromentina,
1342 743 1517 785 Sabatina,
1543 745 1605 777 Ar-

165 790 303 824 niensis.
345 788 390 822 M.
409 789 566 830 Manlius,
593 790 651 833 qui
671 790 874 833 Capitolium
902 800 918 822 a
946 789 1054 823 Gallis
1080 790 1289 827 defenderat,
1317 800 1392 823 cum
1419 789 1605 823 obstrictos

165 847 242 870 aere
268 836 379 869 alieno
405 836 575 876 liberaret,
602 845 707 869 nexos
734 836 937 877 exsolveret,
964 835 1104 869 crimine
1123 836 1283 869 adsectati
1301 836 1397 879 regni
1423 835 1605 869 damnatus

119 892 134 915 Γ)
161 883 201 916 de
228 892 309 915 saxo
335 882 489 915 deiectus
516 887 584 920 est;
611 881 645 914 in
672 881 767 914 cuius
793 887 907 914 notam
935 886 1073 914 senatus
1099 881 1292 914 consultum
1318 881 1446 915 sactum
1472 884 1535 923 est,
1562 891 1606 914 ne

167 929 221 962 cui
247 927 288 961 de
313 927 437 960 Manlia
464 932 566 970 gente
592 925 706 960 Marco
732 937 855 960 nornen
881 931 983 960 esset.
1036 927 1070 961 C.
1089 927 1236 961 Licinius
1262 931 1296 960 et
1320 927 1354 960 L.
1382 926 1521 960 Sextius
1547 927 1606 960 tri-

168 974 247 1007 buni
275 973 384 1017 plebis
410 973 521 1016 legem
548 973 861 1016 promulgaverunt,
887 977 924 1005 ut
950 973 1110 1006 consules
1130 982 1171 1006 ex
1196 973 1297 1016 plebe
1321 971 1454 1015 fierent,
1480 972 1536 1017 qui
1564 983 1606 1006 ex

167 1019 319 1064 patribus
345 1019 563 1055 creat-autum
591 1029 735 1062 eamque
762 1029 835 1052 cum
863 1028 985 1061 magna
1013 1018 1232 1052 contentione
1256 1019 1528 1062 repugnantibus
1546 1028 1607 1062 pa-

168 1066 286 1107 tribus,
313 1075 388 1098 cum
414 1064 515 1098 iidem
535 1064 660 1097 tribuni
679 1064 789 1107 plebis
815 1075 874 1108 per
892 1064 1162 1107 quinquennium
1188 1064 1253 1097 soli
1279 1065 1498 1107 magistratus
1523 1064 1607 1098 fuis·

115 1122 142 1147 lo
168 1117 254 1152 sent,
281 1111 511 1154 pertulerunt3
538 1114 572 1143 et
597 1111 726 1154 primus
752 1120 792 1143 ex
818 1110 917 1153 plebe
937 1110 1057 1143 consul
1075 1110 1108 1143 L.
1129 1109 1265 1143 Sextius
1283 1114 1417 1143 creatus
1435 1113 1498 1144 est.
1535 1109 1606 1143 lata

170 1162 220 1190 est
247 1162 280 1190 et
306 1157 411 1190 altera
438 1156 503 1197 lex,
530 1166 571 1189 ne
598 1156 651 1189 cui
677 1155 755 1198 plus
774 1156 969 1200 quingentis
988 1156 1162 1198 iugeribus
1188 1156 1258 1199 agri
1278 1156 1399 1190 liceret
1415 1155 1608 1200 possidere.

786 1305 834 1351 T.
872 1304 984 1351 LlVI

423 1388 479 1424 AB
501 1386 625 1438 ¹vnssss
657 1386 849 1423 comm
880 1387 994 1423 Llssm
1029 1386 1085 1423 νη
1115 1386 1353 1423 PERIOCHA.

263 1474 334 1508 Duo
362 1476 441 1508 novi
460 1475 677 1517 magistratus
703 1473 826 1508 adiecti
845 1479 935 1515 sunt,
961 1478 1117 1518 praetura
1136 1477 1170 1507 et
1188 1474 1315 1508 curulis
1339 1473 1508 1508 aedilitas.
1549 1484 1609 1517 pe·

172 1521 321 1555 stilentia
342 1522 464 1554 civitas
483 1520 661 1561 laboravit,
681 1530 824 1564 eamque
841 1521 1010 1563 insignem
1029 1520 1110 1553 fecit
1128 1530 1218 1553 mors
1235 1519 1313 1553 Furi
1331 1519 1474 1553 Camilli.
1513 1520 1609 1553 cuius

172 1566 358 1601 remedium
385 1572 419 1600 et
444 1566 521 1600 finis
547 1577 622 1599 cum
649 1576 708 1609 per
734 1576 841 1599 novas
869 1565 1054 1609 religiones
1087 1568 1324 1609 quaereretur,
1357 1565 1428 1599 ludi
1462 1565 1610 1599 scaenici

173 1619 253 1647 tunc
279 1613 422 1655 primum
449 1612 527 1645 sacti
555 1616 646 1646 sunt.
695 1622 770 1644 cum
797 1611 868 1645 dies
886 1611 920 1645 L.
945 1611 1071 1645 Manlio
1098 1611 1187 1644 dicta
1206 1614 1298 1645 esset
1320 1621 1338 1644 a
1356 1610 1400 1645 M.
1420 1610 1610 1654 Pomponio

127 1670 142 1694 5
167 1659 303 1693 tribuno
331 1658 442 1700 plebis
468 1664 607 1702 propter
631 1657 792 1691 dilectum
819 1658 940 1691 acerbe
967 1662 1081 1691 actum
1107 1661 1141 1690 et
1164 1656 1204 1690 T.
1228 1655 1393 1691 Manlium
1419 1656 1527 1690 filium
1553 1667 1611 1690 rus

174 1704 363 1747 relegatum
389 1704 461 1737 sine
488 1704 556 1737 ullo
584 1703 740 1745 crimine,
766 1703 966 1737 adulescens
992 1704 1085 1746 ipse,
1112 1703 1207 1736 cuius
1232 1702 1398 1746 relegatio
1425 1703 1513 1746 patri
1538 1702 1612 1735 obi-

175 1750 337 1791 ciebatur,
363 1750 457 1783 venit
482 1749 516 1782 in
535 1749 727 1782 cubiculum
746 1749 871 1782 tribuni
890 1749 1078 1793 strictoque
1096 1748 1210 1791 gladio
1229 1749 1343 1792 coegit
1360 1758 1437 1782 eum
1454 1748 1489 1781 in
1506 1747 1609 1781 verba

175 1806 235 1828 sua
262 1796 370 1828 iurare
397 1805 432 1828 se
458 1805 524 1828 non
550 1799 845 1838 perseveraturum
872 1795 906 1827 in
932 1794 1161 1828 accusatione.
1210 1798 1290 1827 tunc
1315 1794 1429 1828 omnia
1461 1794 1610 1837 pretiosa

176 1842 278 1874 missa
306 1846 383 1873 sunt
408 1841 442 1873 in
469 1840 655 1884 praealtam
680 1840 879 1883 voraginem
908 1841 998 1874 urbis
1025 1839 1214 1878 Romanae3
1240 1841 1274 1873 in
1300 1850 1375 1873 eam
1401 1840 1536 1873 Curtius
1561 1849 1612 1872 ar-

122 1898 151 1923 10
176 1891 287 1920 matus
314 1886 435 1919 sedens
461 1896 550 1929 equo
577 1886 827 1929 praecipitavit,
853 1890 888 1918 et
905 1886 1040 1928 expleta
1067 1891 1130 1919 est.
1179 1884 1218 1919 T.
1235 1885 1381 1919 Manlius
1399 1884 1612 1926 adulescens,

177 1932 234 1976 qui
260 1936 389 1974 patrem
416 1942 432 1963 a
462 1931 640 1964 tribunicia
664 1931 846 1964 vexatione
865 1931 1109 1972 vindicaverat,
1134 1935 1251 1964 contra
1269 1930 1401 1964 Gallum
1420 1940 1614 1973 provocan-

177 1984 245 2011 tem
273 1976 421 2020 aliquem
447 1986 487 2009 ex
505 1976 670 2010 militibus
687 1975 848 2010 Romanis
873 1977 907 2010 in
933 1976 1105 2019 singulare
1124 1980 1293 2009 certamen
1313 1976 1494 2008 descendit
1510 1976 1612 2019 eique

178 2023 292 2056 occiso
320 2026 476 2065 torquem
501 2032 639 2055 aureum
664 2021 822 2063 detraxit,
849 2032 950 2065 quem
976 2022 1050 2065 ipse
1075 2025 1194 2065 postea
1221 2021 1309 2061 tulit,
1335 2024 1370 2054 et
1396 2031 1437 2054 ex
1462 2031 1503 2054 eo
1529 2020 1614 2054 Tor-

131 2072 142 2096 1
179 2072 301 2111 quatus
321 2072 372 2100 est
385 2071 610 2110 nuncupatus.
640 2066 726 2100 duae
740 2068 846 2100 tribus
861 2067 1012 2100 additae:
1031 2066 1210 2110 Pomptina
1226 2070 1260 2100 et
1274 2066 1431 2100 Publilia.
1465 2066 1614 2100 Licinius

122 2125 153 2150 15
179 2113 276 2148 Stolo
303 2113 379 2156 lege
405 2124 426 2145 a
450 2124 486 2144 se
510 2113 575 2145 lata
603 2112 783 2146 damnatus
809 2116 871 2154 est,
897 2112 988 2156 quod
1014 2112 1091 2154 plus
1117 2112 1313 2156 quingentis
1338 2112 1514 2156 iugeribus
1540 2112 1613 2156 agri

178 2158 380 2203 possideret.
430 2157 474 2192 M.
493 2157 649 2192 Valerius
668 2158 823 2191 tribunus
842 2158 989 2191 militum
1007 2157 1152 2199 Gallum,
1178 2168 1196 2191 a
1215 2168 1283 2210 quo
1300 2162 1510 2201 provocatus
1527 2162 1614 2199 erat,

179 2204 348 2239 insidente
373 2203 492 2247 galeae
510 2214 613 2237 corvo
632 2207 665 2237 et
690 2203 861 2246 unguibus
878 2208 1057 2247 rostroque
1076 2203 1209 2237 hostem
1226 2203 1414 2238 1nsestante
1433 2203 1561 2238 occidit
1578 2207 1614 2236 et

180 2261 221 2284 ex
247 2261 287 2283 eo
306 2250 442 2283 Corvini
462 2260 584 2283 nomen
602 2249 734 2293 accepit
758 2249 946 2293 consulque
964 2249 1118 2293 proximo
1144 2259 1246 2291 anno,
1271 2259 1348 2283 cum
1366 2259 1474 2283 annos
1491 2249 1613 2292 viginti

181 2302 250 2330 tres
264 2296 416 2338 haberet,
429 2295 472 2329 ob
487 2296 648 2329 virtutem
661 2298 795 2328 creatus
810 2300 873 2329 est.
899 2295 1047 2328 amicitia
1061 2305 1139 2328 cum
1148 2294 1484 2338 Carthaginiensibus
1497 2295 1612 2327 iuncta

124 2350 156 2375 io
182 2346 244 2377 est.
294 2341 455 2384 Campani
482 2351 557 2374 cum
583 2351 601 2374 a
627 2340 835 2375 Samnitibus
859 2340 951 2374 bello
976 2344 1186 2383 urgerentur,
1211 2340 1338 2374 auxilio
1364 2340 1528 2374 adversus
1553 2349 1614 2373 eos

182 2398 199 2420 a
225 2390 344 2420 senatu
370 2387 489 2429 petito,
516 2397 591 2420 cum
617 2387 651 2420 id
676 2397 745 2420 non
762 2386 981 2429 inpetrarent,
1006 2386 1123 2419 urbem
1143 2390 1178 2420 et
1194 2396 1294 2429 agros
1311 2386 1441 2430 populo
1458 2384 1614 2419 Romano

183 2433 393 2465 dediderunt.
442 2433 485 2466 ob
512 2443 613 2476 quam
640 2442 777 2466 causam
803 2442 853 2474 ea,
879 2442 965 2475 quae
983 2431 1102 2475 populi
1120 2431 1262 2466 Romani
1287 2431 1375 2465 facta
1403 2435 1530 2474 essent,
1556 2431 1614 2465 de-

183 2478 275 2511 fendi
300 2478 392 2511 bello
417 2478 579 2512 adversus
598 2477 769 2512 Samnites
793 2478 931 2521 placuit.
972 2487 1048 2511 cum
1066 2477 1108 2510 ab
1125 2478 1164 2510 A.
1184 2477 1340 2511 Cornelio
1359 2477 1501 2511 consule
1519 2487 1616 2511 exer-

184 2524 273 2557 citus
297 2524 331 2556 in
356 2523 468 2557 locum
487 2524 613 2557 inicum
632 2524 797 2558 deductus
814 2524 849 2557 in
865 2533 988 2567 magno
1008 2523 1201 2556 discrimine
1224 2526 1326 2566 esset,
1352 2522 1388 2557 P.
1407 2522 1489 2557 Deci
1505 2522 1613 2557 Muris
