1731 2796
640 65 765 99 LIBER
792 65 884 99 VllIl.
923 65 1016 99 CAP.
1042 67 1096 100 45.

1384 83 1411 103 a.
1433 83 1461 104 u.
1483 83 1509 103 c.
1525 76 1586 104 450.

146 66 224 103 106

141 182 240 220 citro
263 181 392 220 habita
415 181 461 220 de
483 193 577 233 pace
600 179 983 233 transigipotuissffi
1015 192 1138 225 nunc,
1167 179 1325 231 quando
1348 179 1467 220 verba
1487 192 1586 220 vana

90 246 102 276 1
139 239 184 277 ad
204 239 240 278 id
264 238 442 278 locorum
464 238 624 285 fuerint,
647 238 765 278 rebus
782 238 966 278 standum
981 250 1079 277 esse.
1121 237 1163 276 P.
1182 237 1466 289 Sempronium
1488 249 1586 277 con-

141 295 267 335 sulem
289 308 379 335 cum
402 295 576 335 exercitu
608 295 715 334 brevi
747 295 786 334 in
810 294 970 333 Samnio
994 295 1098 342 fore;
1132 306 1235 341 eum,
1267 295 1313 334 ad
1347 294 1493 334 bellum
1516 306 1585 346 pa·

141 365 279 392 cemne
302 353 495 392 inclinent
517 353 649 400 animi,
683 352 759 391 falli
784 365 864 391 non
890 364 1024 403 posse;
1057 358 1249 403 conperta
1272 351 1404 391 omnia
1431 351 1585 391 senatui

140 410 377 457 relaturum3
409 410 666 449 decedentem
689 422 734 448 ex
757 409 915 449 Samnio
939 409 1142 448 consulem
1169 408 1283 461 legati
1305 415 1581 460 sequerentur.

140 479 184 506 eo
203 480 307 506 anno
326 480 415 506 cum
434 474 615 519 pacatum
634 466 836 506 Samnium
853 466 1048 505 exercitus
1062 465 1262 505 Romanus
1278 465 1452 518 benigne
1469 478 1584 518 prae-

141 524 220 563 bito
234 531 454 563 commeatu
473 530 731 575 peragrasset,
750 524 886 562 foedus
898 523 1103 574 antiquum
1120 522 1363 563 Samnitibus
1375 523 1583 562 redditum.

253 581 310 619 Ad
332 583 490 632 Aequos
512 581 616 626 inde,
641 587 789 620 veteres
811 580 956 626 hostes,
990 586 1164 619 ceterum
1199 592 1267 631 per
1287 580 1432 619 multos
1454 592 1582 620 annos

139 638 211 676 sub
235 638 366 688 specie
389 639 531 677 infidae
554 639 661 688 pacis
684 638 848 688 quietos,
871 649 981 676 versa
1004 649 1110 675 arma
1132 637 1322 685 Romana,
1345 637 1449 688 quod
1473 637 1583 676 inco-

138 694 232 733 lumi
251 695 424 734 Hernico
444 695 603 734 nomine
627 695 912 734 missitaverant
933 694 1049 733 simul
1069 706 1157 733 cum
1187 693 1233 732 iis
1252 693 1418 733 Samniti
1443 694 1583 733 auxilia

95 758 103 766 ⁷·
137 758 173 790 et
206 758 293 803 post
316 752 509 791 Hernicos
541 751 726 791 subactos
758 751 938 790 universa
970 763 1094 801 prope
1126 763 1225 802 gens
1255 751 1341 790 sine
1362 750 1581 790 dissimula·
1624 765 1627 767 ’

138 808 245 847 tione
265 809 416 848 consilii
435 808 581 860 publici
599 808 643 847 ad
663 809 794 847 hostes
811 808 1045 854 desciverat;
1066 813 1103 846 et
1119 813 1328 859 postquam
1345 807 1423 847 icto
1436 807 1583 847 Romae

136 877 224 904 cum
249 865 491 906 Samnitibus
514 867 671 905 foedere
695 865 843 904 fetiales
865 871 1055 904 venerant
1077 877 1140 904 res
1161 864 1389 916 repetitum,
1415 870 1583 916 tempta—

138 922 283 961 tionem
312 923 469 962 aiebant
500 936 598 969 esse,
632 930 674 962 nt
706 930 858 962 terrore
890 922 1049 961 incusso
1083 922 1172 961 belli
1195 921 1395 961 Romanos
1426 934 1468 961 se
1501 921 1584 961 fieri

137 986 379 1030 paterentur,
413 981 517 1032 quod
542 986 689 1031 quanto
714 992 832 1031 opere
856 979 1075 1031 optandum
1097 979 1210 1025 foret,
1243 978 1439 1018 Hernicos
1460 979 1582 1018 docu-

136 1037 231 1083 isse,
265 1049 375 1083 curn,
418 1038 562 1088 quibus
593 1037 767 1083 licuerit,
801 1049 890 1076 suas
922 1036 1028 1088 leges
1061 1036 1261 1075 Romanae
1292 1035 1437 1075 civitati
1469 1048 1582 1088 prae-

93 1102 99 1103 ’
140 1095 378 1145 optaverin13
413 1095 555 1145 quihus
588 1095 754 1146 legendi,
784 1093 876 1144 quid
899 1093 1070 1140 mallent,
1104 1093 1217 1144 copia
1241 1105 1322 1132 non
1345 1093 1476 1141 suerit,
1508 1105 1581 1144 pro

135 1193 255 1236 Kriege
275 1204 335 1227 nur
354 1195 406 1234 20,
423 1196 441 1228 2
460 1194 514 1227 ein
532 1193 820 1236 Friedensgesuch

133 1240 298 1274 erwahnt.
317 1259 355 1263 —
368 1241 464 1272 ultro
481 1242 584 1280 citt-o]
602 1239 820 1282 gewohnlich

133 1285 235 1318 heisst
261 1295 296 1318 es
317 1285 513 1318 verbunden
532 1286 627 1318 ultro
648 1287 820 1328 citroque.

131 1350 176 1355 —
202 1331 304 1363 adid
325 1331 495 1372 Iocorum]
521 1328 587 1363 ‘bis
608 1327 726 1372 jetzt’,
754 1341 819 1364 von

138 1376 195 1409 der
220 1376 295 1409 Zeit
321 1381 459 1419 gesagt3
485 1377 554 1418 vgl.
571 1387 611 1409 zu
627 1378 679 1415 43,
697 1379 726 1416 5,
742 1378 772 1410 4.

178 1423 208 1455 3.
236 1422 362 1454 bellum
385 1424 565 1465 pacemne]
591 1432 617 1455 s.
641 1423 694 1464 23,
719 1423 750 1455 4.
776 1440 819 1445 —-

132 1468 353 1500 decedentem
379 1479 424 1500 ea*
439 1495 444 1501 .
460 1470 481 1509 .]
508 1477 532 1500 S.
549 1469 604 1509 43,
621 1470 648 1502 1.

177 1515 207 1546 4.
225 1514 407 1556 pacatum]
428 1513 482 1546 die
501 1513 676 1546 Samniten
696 1513 818 1546 leisten

132 1558 254 1591 keinen
283 1558 498 1592 Widerstand
525 1559 635 1597 mehr3
663 1558 818 1591 dennoch

132 1604 188 1637 hat
214 1605 299 1637 nach
325 1604 389 1637 den
411 1604 725 1648 Triumphalsasten
744 1603 819 1637 Sul-

132 1650 240 1691 picius
259 1651 300 1682 de
318 1650 540 1683 Samnitibus
558 1661 640 1684 ann.
663 1658 818 1684 CDXLIX.

133 1704 211 1728 llll.
232 1696 300 1728 kal.
321 1695 408 1729 Noc.
429 1696 651 1739 triumphiert.
677 1715 721 1720 —
745 1694 820 1735 foe-

132 1741 196 1772 dus
215 1743 415 1783 antiquum]
435 1752 459 1774 s.
476 1752 516 1775 zu
532 1743 562 1780 8,
578 1744 608 1783 2,
627 1744 660 1779 1;
689 1742 816 1774 ebenso

132 1785 226 1819 Diod.
249 1788 302 1825 20,
327 1790 405 1821 101:
438 1784 606 1829 ζΡωμαῖοι
632 1789 691 1819 καὶ
718 1788 816 1828 Σαμ-

130 1833 227 1864 νῖται
242 1858 248 1864 .
261 1857 268 1865 .
284 1831 372 1877 πρὸς
389 1830 558 1874 ἀλλήλους
576 1830 722 1876 εἰρήνην
735 1843 817 1864 συν-

129 1876 262 1910 έθεντο
302 1876 571 1920 πολεμήσαντες
608 1879 671 1919 ἔτη
705 1877 817 1910 εἴκοσι

129 1919 192 1954 δύο
224 1925 284 1955 καὶ
317 1924 432 1966 μῆνας
463 1923 505 1963 ἕξ
535 1924 633 1964 (nach
661 1923 728 1956 Liv.
756 1933 816 1955 nur

131 1969 171 2002 21
187 1967 305 2007 Jahre;
326 1979 352 2002 s.
368 1970 398 2008 S,
415 1970 468 2009 25,
484 1970 528 2009 2).
566 1968 625 2001 Die
639 1967 815 2001 Friedens-

132 2013 384 2056 bedingungen,
412 2014 541 2047 welche
566 2014 643 2046 sehr
662 2013 742 2046 mild
760 2023 818 2055 ge·

133 2068 247 2091 wesen
273 2069 313 2092 zu
333 2060 403 2092 sein
427 2059 599 2099 scheineu,
627 2059 700 2091 sind
720 2059 818 2091 siher-

130 2113 279 2146 gangen;
306 2104 374 2147 vgl.
396 2106 566 2146 10,16,5;
591 2103 686 2137 Nieb.
704 2103 770 2137 RG.
785 2105 815 2144 3,

177 2198 207 2229 5.
233 2197 296 2228 sub
314 2198 438 2238 speeie]
455 2206 480 2229 S.
496 2198 549 2237 36,
565 2198 595 2236 ἶ,
615 2197 668 2234 12;
696 2197 749 2235 44,
762 2197 816 2237 24,

130 2244 168 2280 4;
211 2241 467 2284 gewohnlieher
504 2242 547 2275 ist
583 2243 698 2284 speeie
734 2240 816 2274 oder

127 2299 191 2330 per
215 2289 380 2328 speeiem;
409 2287 515 2320 sehon
541 2287 641 2330 lange
668 2297 738 2320 war
764 2287 815 2320 ihr

129 2332 242 2365 Abfall
269 2336 428 2366 erwartet
456 2332 593 2366 worden
627 2334 668 2375 (S.
700 2334 719 2375 ξ
749 2334 813 2374 ῙΟ),

124 2379 213 2420 jetzt
239 2379 386 2411 erheben
412 2379 460 2412 sie
487 2379 559 2412 sich
585 2389 627 2412 zu
653 2378 740 2422 spat.
771 2397 813 2402 —

128 2425 403 2464 missitaverant]
439 2434 499 2457 nur
530 2424 602 2457 hier
635 2424 688 2457 bei
725 2423 813 2462 Liv.;

128 2467 196 2510 vgl.
229 2468 309 2502 Sall.
340 2469 410 2511 lug.
444 2471 503 2509 33,
535 2472 568 2508 1;
614 2480 672 2503 zur
705 2469 813 2502 Sache

129 2523 154 2546 s.
174 2515 228 2555 42,
247 2515 277 2547 8.

939 1195 969 1227 6.
1006 1197 1196 1236 postquam
1215 1220 1221 1227 .
1237 1220 1244 1227 .
1265 1197 1437 1226 venerant
1455 1219 1463 1227 .
1481 1219 1489 1227 .
1511 1195 1579 1227 aie-

892 1240 989 1279 bant]
1017 1237 1076 1271 das
1096 1239 1250 1282 Plusqpf.
1278 1238 1345 1272 und
1367 1239 1476 1282 lmpf.,
1503 1240 1582 1273 weil

892 1284 941 1317 sie
967 1285 1032 1317 seit
1058 1284 1116 1317 der
1134 1284 1289 1317 Ankunst
1313 1284 1395 1324 (und
1418 1284 1582 1318 wahrend

892 1330 950 1363 der
964 1330 1221 1371 Anwesenheit)
1237 1329 1296 1363 der
1309 1329 1464 1364 Fetialen
1482 1332 1581 1372 (statt

892 1374 1007 1409 Ersatz
1033 1386 1073 1408 zu
1099 1375 1235 1417 leisten)
1263 1376 1383 1409 immet
1415 1387 1478 1409 nur
1503 1386 1580 1419 sag-

890 1425 966 1460 ten;
993 1420 1062 1464 vgl.
1081 1431 1122 1453 zu
1141 1423 1195 1463 24,
1214 1422 1268 1463 36,
1288 1423 1319 1455 8.

935 1469 965 1500 7.
993 1469 1259 1509 temptationem
1285 1493 1293 1501 .
1314 1493 1322 1500 .
1346 1469 1399 1508 ut]
1424 1466 1479 1500 ein
1497 1466 1579 1500 Ver-

889 1513 992 1553 such,
1026 1513 1069 1545 ob
1095 1512 1144 1545 sie
1175 1511 1367 1550 bewirken,
1402 1512 1577 1546 erreichen

890 1558 1053 1599 konnten,
1072 1557 1155 1591 dass.
1182 1577 1225 1582 —
1244 1557 1421 1591 Romanos
1434 1583 1442 1592 .
1460 1582 1468 1591 .
1481 1558 1575 1599 fier-z]

890 1613 915 1637 s.
936 1605 966 1644 S,
987 1606 1039 1645 17,
1057 1605 1108 1637 12.
1127 1623 1168 1628 -
1188 1605 1315 1646 quibus
1334 1604 1490 1645 licuerit]
1509 1600 1577 1637 ‘so—

892 1650 973 1682 weit
1003 1660 1039 1683 es
1057 1645 1117 1688 ..';
1159 1649 1219 1682 auf
1247 1649 1301 1683 die
1334 1648 1577 1683 Verschieden-

892 1695 961 1728 heit
987 1695 1044 1728 der
1070 1697 1215 1737 civitas,
1242 1694 1374 1729 welche
1399 1694 1575 1728 einzelnen

889 1740 1098 1774 Gemeinden
1123 1740 1182 1774 der
1200 1740 1363 1774 Herniker
1381 1741 1574 1784 angeboten

889 1786 1023 1828 wurde,
1050 1797 1117 1819 von
1143 1787 1219 1828 der,
1244 1786 1378 1820 welche
1403 1786 1458 1820 die
1485 1786 1574 1819 Ana·

888 1832 1008 1873 gniner
1018 1832 1251 1865 anzunehmen
1264 1842 1575 1875 gezwungenwur-

888 1877 965 1919 den,
992 1877 1076 1910 wird
1102 1877 1201 1911 keine
1221 1877 1410 1911 Rncksicht
1434 1887 1575 1920 genom—

889 1933 975 1955 men.

935 1970 965 2002 8.
992 1970 1116 2010 quibus
1135 1968 1296 2009 legendi.
1311 1992 1319 2001 .
1333 1967 1425 2009 f'vre]
1444 1977 1481 2001 es
1498 1966 1573 2000 sind

889 2013 961 2047 dies
987 2013 1040 2046 die
1066 2015 1120 2053 43,
1140 2015 1182 2046 24
1209 2013 1405 2046 ετννὲὴηῑεῐι
1424 2013 1574 2056 Anagni—

889 2068 964 2097 ner;
981 2058 1043 2091 den
1057 2058 1360 2091 Redendenistdas
1372 2057 1573 2092 Druckende
1606 2094 1609 2096 ,

888 2103 1000 2137 dieses
1031 2103 1282 2137 Verhaltnisses
1320 2103 1427 2137 schon
1458 2104 1573 2147 langst

888 2149 1039 2182 bekannt
1075 2159 1246 2192 gewesen.
1295 2169 1338 2173 -
1379 2150 1572 2192 legendi..

887 2197 990 2237 copia
1015 2206 1088 2227 non
1112 2193 1239 2236 fuerit]
1274 2195 1322 2228 sie
1354 2195 1466 2229 haben
1498 2195 1571 2228 also

887 2250 1100 2283 gezwungen
1132 2240 1185 2274 die
1223 2242 1351 2273 civitas
1386 2243 1463 2273 sine
1497 2240 1573 2280 suf<

883 2286 1008 2328 [ragio
1036 2296 1293 2328 angenommen.
1336 2286 1429 2319 Auch
1451 2286 1569 2319 Cicero

884 2333 929 2375 (p.
956 2331 1051 2364 Bait».
1078 2332 1139 2366 31:
1173 2334 1293 2374 itaque
1326 2338 1359 2364 et
1389 2342 1434 2364 ex
1463 2331 1569 2364 Latio

884 2378 991 2409 multi
1016 2403 1023 2411 .
1041 2402 1049 2409 .
1077 2379 1111 2408 et
1134 2387 1179 2409 επ
1205 2377 1332 2409 ceteris
1361 2378 1571 2419 regionibus

881 2425 1005 2465 gentes
1022 2424 1211 2454 universae
1227 2423 1266 2454 in
1284 2423 1465 2455 civitatem
1485 2425 1573 2455 sunt

885 2472 1061 2510 receptae,
1089 2470 1129 2499 ut
1153 2468 1390 2508 Sabinorum,
1425 2467 1569 2502 Volsco-

885 2525 976 2555 rum,
1001 2514 1255 2554 Hernicorum
1281 2515 1406 2556 quibus
1422 2524 1468 2546 ex
1485 2514 1570 2546 civi-
