1779 2828
137 104 163 125 a.
183 96 250 124 Chr.
271 104 301 125 n.
321 97 370 124 377
392 96 478 129 (376).
645 81 771 116 LIBER
795 81 851 115 VI.
900 81 994 115 CAP.
1022 82 1075 116 33.
1540 76 1592 115 75

137 201 322 242 centibus
343 200 473 241 adhuc
502 199 644 239 animis
666 198 885 239 ferociores
906 198 952 238 ad
980 197 1316 250 perseverandum
1348 197 1388 236 in
1412 195 1515 236 bello
1538 196 1595 235 fa-

138 266 260 300 ceret.
302 259 395 298 finis
417 257 647 297 certaminis
671 257 758 305 suit,
780 262 990 308 postquam
1008 255 1187 307 utrisque
1204 255 1386 307 apparuit
1408 254 1506 294 nihil
1524 266 1596 306 per

139 317 284 358 alteros
303 322 420 363 stare,
444 328 524 367 quo
545 315 678 355 minus
701 314 860 366 incepta
877 318 1233 366 persequerentur.
1276 312 1406 351 Latini
1428 311 1597 363 profecti

139 388 159 415 a
175 374 363 415 societate
378 373 500 426 pacis,
522 379 566 413 ut
585 372 790 420 rebantur,
813 371 1049 411 inhonestae
1075 384 1160 411 sese
1179 370 1494 416 vindicaverunt,
1515 370 1594 408 An-

138 433 252 473 tiates
268 431 533 472 incommodis
555 430 716 470 arbitris
737 429 969 470 salutarium
992 429 1253 469 consiliorum
1276 427 1438 467 remotis
1457 426 1595 466 urbem

138 502 336 542 agrosque
365 489 557 529 Romanis
585 488 748 528 dedunt.
800 488 857 527 ira
888 493 926 526 et
955 487 1087 527 rabies
1109 486 1367 533 Latinorum,
1399 484 1490 536 quia
1522 496 1597 523 nec

138 548 341 588 Romanos
361 547 467 587 bello
489 546 646 586 laedere
669 559 744 586 nec
767 545 936 586 Volscos·
953 542 994 584 in
1009 544 1140 588 ⁸armis
1169 544 1345 583 retinere
1370 548 1597 596 potuerant,

141 619 188 646 eo
211 605 363 658 erupit,
395 611 440 645 ut
462 604 658 645 Satricum
680 603 843 651 urbem,
877 615 978 655 quae
1008 602 1307 655 receptaculum
1336 601 1509 654 primum
1543 599 1599 639 eis

140 664 326 704 adversae
344 675 503 716 pugnae
520 664 662 710 fuerat,
686 662 769 714 igni
786 668 1112 710 concremarent3
1136 673 1211 700 nec
1227 659 1331 700 aliud
1348 665 1498 699 tectum
1515 658 1599 698 eius

113 725 119 730 ’
138 721 338 774 superfuit
358 721 492 765 urbis,
530 733 621 760 cum
644 721 749 760 faces
777 719 929 772 pariter
959 719 1081 759 sacris
1103 717 1364 770 profanisque
1387 717 1597 761 inicerent,

140 792 257 832 quam
282 779 419 819 matris
441 778 612 819 Matutae
634 777 848 830 templum;
880 777 973 817 inde
996 790 1063 817 eos
1087 789 1162 816 nec
1184 788 1252 816 sua
1275 775 1414 827 religio
1438 787 1512 814 nec
1535 787 1599 813 ve·
1633 781 1646 788 ”

141 837 332 877 recundia
355 837 473 877 deum
495 836 669 877 arcuisse
691 836 853 882 dicitur,
884 835 953 876 sed
983 848 1057 874 vox
1087 834 1285 874 horrenda
1317 834 1420 873 edita
1450 831 1599 884 templo

141 908 232 936 cum
264 894 445 935 tristibus
465 894 605 943 minis,
639 894 678 933 ni
703 893 898 933 nefandos
928 893 1041 945 ignes
1071 892 1213 945 procul
1235 891 1411 932 delubris
1433 890 1599 930 amovis-

139 959 241 994 sent.
291 953 481 993 incensos
504 965 548 992 ea
570 951 680 992 rabie
706 951 878 1004 impetus
899 951 1118 990 Tusculum
1149 950 1238 989 tulit
1268 949 1317 989 ob
1341 950 1460 994 iram,
1495 947 1601 1001 quod

139 1012 298 1051 deserto
333 1010 538 1050 communi
570 1009 742 1050 concilio
768 1009 1000 1049 Latinorum
1034 1021 1116 1048 non
1148 1008 1188 1047 in
1221 1008 1450 1047 societatem
1482 1006 1599 1046 modo

139 1069 360 1109 Romanam
384 1069 451 1108 sed
477 1068 593 1108 etiam
617 1068 656 1107 in
682 1067 876 1107 civitatem
902 1080 942 1107 se
966 1067 1181 1106 dedissent.
1224 1065 1455 1118 patentibus
1477 1063 1603 1117 portis

140 1123 231 1167 cum
254 1126 458 1179 inproviso
481 1126 736 1173 incidissent,
766 1126 894 1178 primo
928 1126 1100 1165 clamore
1132 1124 1323 1176 oppidum
1355 1129 1516 1175 praeter
1536 1134 1600 1161 ar·
1630 1146 1635 1151 -

140 1197 226 1225 cem
245 1190 402 1238 captum
423 1190 493 1224 est.
525 1184 564 1224 in
593 1196 726 1224 arcem
755 1183 943 1236 oppidani
966 1183 1150 1234 refugere
1178 1194 1267 1222 cum
1296 1180 1536 1233 coniugibus
1557 1192 1601 1219 ac

139 1243 275 1283 liberis
293 1242 538 1294 nuntiosque
560 1242 751 1289 Romam,
784 1241 852 1293 qui
884 1241 1095 1281 certiorem
1129 1240 1175 1279 ‹le
1199 1252 1270 1280 suo
1296 1252 1387 1279 casu
1419 1244 1601 1278 senatum

140 1301 331 1349 facerent,
351 1300 506 1340 misere.
545 1300 650 1340 haud
668 1299 843 1352 segnius,
863 1311 981 1351 quam
1004 1299 1079 1338 fide
1097 1298 1236 1350 populi
1249 1297 1417 1337 Romani
1436 1296 1603 1348 dignum

140 1427 271 1467 adhue]
296 1425 357 1459 hat
378 1425 449 1458 Liv.
477 1425 657 1459 bisweilen
682 1435 751 1458 von
778 1424 837 1458 der

140 1472 421 1516 Vergangenheit
442 1471 496 1506 bei
519 1470 597 1505 dem
611 1470 746 1515 lmpers.
767 1470 836 1504 und

141 1519 253 1553 einem
280 1518 440 1552 dasselbe
463 1517 704 1551 vertretenden
732 1516 839 1550 Parti·

142 1565 196 1608 cip
223 1564 306 1599 oder
322 1564 506 1607 Adj‘ektiv;
534 1573 561 1599 s.
587 1566 618 1606 9,
637 1565 669 1604 6,
697 1565 757 1601 12;
786 1565 837 1605 10,

141 1612 248 1653 31‚1;
276 1612 330 1653 21,
351 1612 408 1650 48,
434 1613 471 1650 4;
499 1611 553 1652 23,
568 1611 622 1652 33,
650 1611 685 1647 3:
714 1611 767 1650 24,
783 1611 838 1649 22,

143 1658 263 1698 8;.37‚
290 1658 321 1698 8,
347 1659 384 1696 4;
411 1658 466 1698 45,
492 1658 547 1698 43,
576 1658 604 1691 1.
623 1676 668 1680 --
691 1656 840 1697 alteros]

141 1714 167 1738 s.
191 1706 219 1745 1,
241 1704 295 1744 13,
315 1703 345 1737 3.
365 1722 409 1726 —
427 1706 535 1744 stare,
558 1713 628 1745 quo
644 1705 765 1735 minus
789 1727 796 1735 .
817 1705 837 1744 .]

141 1749 197 1783 die
223 1749 324 1783 einen
350 1748 504 1782 kdnnten
523 1747 578 1782 die
597 1748 725 1782 andern
745 1748 839 1782 nicht

141 1795 306 1837 hindern,
338 1795 413 1828 ihre
439 1794 545 1828 Plane
571 1805 612 1828 zu
639 1794 838 1838 versolgen;

142 1853 168 1875 s.
196 1843 228 1884 2,
243 1843 297 1883 31,
315 1843 374 1881 11;
401 1843 432 1883 9,
449 1843 502 1882 14,
520 1843 547 1874 1:
570 1851 637 1884 per
654 1843 756 1873 utros
772 1844 840 1873 ste-

142 1890 258 1930 tisset,
289 1898 359 1931 quo
391 1889 511 1921 minus
541 1888 654 1920 armis
684 1887 839 1920 diseede-

141 1938 254 1968 retur.
326 1940 329 1943 '

189 1982 220 2015 3.
257 1981 480 2020 inhonestae]
520 1978 562 2013 da
601 1990 636 2013 er
675 1989 734 2013 zur
771 1979 839 2013 Ab-

144 2026 348 2070 hangigkeit
366 2036 436 2060 von
455 2025 540 2059 Rom
560 2025 681 2059 suhren
703 2025 837 2065 wiirde;

143 2083 171 2107 s.
191 2075 245 2114 28,
264 2075 295 2106 7.
314 2092 358 2097 —
382 2073 520 2114 urbem]
547 2072 648 2106 naml.
669 2071 837 2105 Satricum

142 2120 182 2159 (s.
199 2121 253 2160 32,
271 2120 337 2161 11),
355 2118 451 2152 nicht
468 2118 627 2158 Antium;
646 2128 672 2152 s.
690 2121 719 2159 7,
735 2120 788 2159 27,
808 2120 838 2152 2.

144 2166 180 2205 8;
206 2165 276 2209 vgl.
296 2167 401 2207 6,16,
420 2166 450 2198 6.

190 2213 221 2246 4.
241 2222 332 2254 quae
349 2211 616 2254 receptaculum
634 2235 642 2243 .
660 2212 681 2251 .]
701 2220 726 2244 s.
747 2221 787 2243 zu
811 2213 838 2253 1,

145 2259 199 2300 21,
232 2260 269 2297 5;
303 2257 372 2301 vgl.
407 2259 462 2298 21,
494 2258 525 2291 2.
556 2276 602 2281 ———
632 2260 840 2300 receptacu-

146 2304 218 2336 lum
250 2329 257 2337 .
285 2328 293 2337 .
324 2303 496 2336 adversae
528 2305 689 2346 pugnae]
724 2313 750 2336 s.
784 2305 838 2343 20,

145 2351 182 2388 9;
209 2351 264 2390 22,
288 2350 345 2391 32,
372 2351 410 2384 6:
434 2350 632 2382 subsidium
657 2348 840 2389 fortunae.

144 2415 188 2475 —S
206 2395 380 2438 Matutae]
399 2406 426 2429 s.
445 2398 476 2438 5,
495 2397 547 2437 19,
563 2397 598 2434 6;
619 2395 748 2429 Preller
766 2394 840 2429 ΒΜ.

194 2489 224 2521 5.
261 2497 328 2520 sua
363 2488 508 2530 religio]
549 2486 603 2521 die
646 2486 749 2520 ihnen
792 2487 842 2520 in-

147 2533 342 2567 wohnende
367 2533 586 2577 Religiositat
620 2533 688 2566 und
727 2532 839 2566 Scheu

147 2590 210 2614 vor
235 2578 300 2613 den
327 2577 484 2620 Gotterm
513 2589 549 2613 es
567 2579 727 2613 bedurl'te
753 2578 839 2612 dazu

909 1424 1002 1458 einer
1028 1422 1203 1466 Mahnung
1237 1422 1296 1456 der
1331 1422 1450 1456 Gotter
1483 1421 1604 1463 selbst,

910 1470 1023 1503 dieses
1038 1469 1272 1513 Gegensatzes
1292 1479 1415 1512 wegeu
1433 1468 1526 1501 steht
1539 1478 1604 1500 sua

909 1527 1027 1549 voran.
1046 1535 1085 1540 -—
1116 1526 1189 1548 vom
1215 1516 1409 1556 horrenda]
1429 1524 1456 1549 S.
1476 1516 1506 1554 2,
1527 1517 1557 1555 7,
1573 1515 1603 1548 2.

909 1582 953 1587 -—
980 1564 1144 1595 tristibus
1168 1564 1290 1603 minis]
1309 1562 1445 1595 vertritt
1462 1560 1528 1594 den
1547 1560 1604 1593 be-

911 1609 1050 1651 dingten
1080 1608 1176 1647 Satz;
1214 1607 1426 1650 vollstandig
1460 1607 1505 1640 ist
1531 1605 1605 1640 der-

911 1654 1006 1688 selbe
1033 1656 1087 1695 3S,
1112 1655 1142 1688 S.

959 1702 988 1735 6.
1024 1701 1199 1741 incensos]
1234 1709 1259 1732 5.
1297 1710 1337 1732 zu
1365 1701 1395 1739 2,
1428 1700 1477 1739 13,
1507 1701 1534 1732 7.
1563 1718 1605 1723 ——-

910 1748 1025 1788 rabie]
1045 1747 1098 1780 die
1121 1745 1236 1779 blinde
1255 1744 1350 1788 Wut,
1377 1745 1436 1779 der
1455 1743 1606 1779 Zustand

911 1793 1116 1836 uberhaupt,
1136 1793 1168 1825 in
1189 1792 1264 1825 dem
1280 1792 1328 1825 sie
1343 1791 1436 1830 sind;
1456 1793 1498 1824 ob
1513 1794 1606 1825 iram

911 1841 950 1881 (s.
979 1841 1009 1880 S,
1040 1841 1090 1881 12,
1118 1841 1152 1878 5;
1182 1849 1221 1871 zu
1253 1841 1281 1879 1,
1307 1840 1338 1879 5,
1367 1840 1399 1880 3)
1434 1837 1510 1881 stigt
1542 1837 1606 1872 den

911 1885 1099 1929 speziellen
1123 1884 1239 1922 Grund
1267 1884 1319 1917 sur
1345 1883 1405 1917 das
1433 1884 1606 1927 Foigende

911 1932 1029 1971 hinzu;
1057 1931 1180 1965 anders
1208 1932 1239 1972 8,
1263 1932 1318 1972 30,
1346 1933 1380 1964 1:
1408 1932 1446 1963 in
1472 1933 1606 1964 rabiem

911 1982 944 2011 et
972 1981 1056 2012 iras.
1084 1998 1123 2003 —
1155 1980 1309 2020 impetus
1336 2003 1342 2010 .
1371 2002 1378 2010 .
1405 1977 1502 2018 tulit]
1530 1987 1555 2011 s.
1576 1979 1607 2018 4,

912 2026 1015 2065 29,1.
1066 2023 1125 2057 Die
1153 2023 1262 2057 Sache
1297 2023 1502 2056 wiederholt
1534 2023 1606 2056 sich

913 2074 942 2111 7,
962 2073 1016 2111 27,
1036 2073 1065 2104 7.
1085 2090 1128 2094 --
1148 2070 1316 2111 coneilio]
1340 2069 1394 2102 die
1414 2069 1607 2103 Versamm-

911 2118 996 2160 lung
1020 2116 1079 2150 der
1105 2116 1370 2159 Abgeordneten
1406 2115 1465 2148 der
1496 2115 1607 2148 latini-

912 2163 1016 2197 schen
1059 2162 1353 2203 Bundesstaalen,
1392 2161 1607 2195 Buudesver-

911 2209 1116 2252 sammlung,
1144 2208 1386 2242 Bundesstaat.
1412 2227 1455 2232 -—
1483 2209 1607 2239 civita-

912 2258 992 2297 tem]
1008 2256 1058 2289 sie
1073 2258 1210 2288 mtissen
1226 2254 1320 2287 diese
1340 2254 1412 2286 also
1432 2253 1607 2286 zwischen

910 2303 978 2335 374
1010 2301 1078 2335 und
1112 2303 1176 2334 377
1219 2299 1371 2333 erhalten
1407 2300 1527 2333 haben.
1562 2318 1606 2322 —-

909 2359 946 2380 se
971 2348 1163 2388 dedissent]
1197 2347 1238 2379 ist
1272 2344 1365 2377 wohl
1399 2345 1491 2378 nicht
1518 2345 1608 2379 ohne

913 2394 1058 2428 Absicht
1097 2391 1303 2436 gebraucht:
1359 2401 1385 2425 5.
1421 2393 1451 2433 8,
1484 2393 1538 2433 24,
1571 2393 1605 2426 8:

914 2442 950 2472 in
988 2442 1199 2482 potestatem
1237 2437 1402 2475 datm-os;
1443 2448 1481 2471 so
1520 2437 1608 2471 auch

914 2488 951 2518 ιή
973 2488 1029 2517 ius
1051 2485 1298 2525 dicionemque
1323 2494 1359 2515 se
1377 2483 1474 2526 dare,
1501 2483 1552 2517 ost
1569 2486 1607 2516 in

912 2532 1034 2573 fidem,
1064 2533 1275 2574 potestatem
1305 2540 1340 2562 se
1366 2530 1510 2570 dedere;
1536 2529 1606 2574 vgl.

913 2578 968 2619 26,
988 2579 1018 2611 S.
