1779 2828
600 58 726 93 LIBER
749 59 816 93 VII.
867 58 962 93 CAP.
990 61 1020 94 8.
1445 58 1522 97 121

42 47 46 50 ι
90 78 118 98 a.
136 70 203 99 Chr.
225 78 253 98 n.
273 71 332 99 ³62.

87 176 328 229 populorum
350 187 414 215 res
433 175 602 227 geritur3
634 174 826 226 quidquid
848 174 942 214 hinc
965 180 1032 214 aut
1051 175 1161 215 illinc
1183 177 1405 217 communis
1426 177 1528 216 Mars

86 233 179 273 belli
209 233 350 280 aufert,
381 232 587 284 multiplex
619 244 737 284 quam
769 244 842 284 pro
875 244 1045 272 numero
1067 232 1256 272 damnum
1278 241 1347 274 est.
1388 235 1528 287 vulgus

87 290 191 331 aliud
206 296 459 336 armatorum,
473 289 578 329 velut
594 289 768 341 delegata
785 289 1027 342 primoribus
1039 302 1185 342 pugna,
1208 298 1394 331 eventum
1411 304 1527 332 suum

86 348 125 387 in
147 347 289 387 virtute
310 347 437 386 aliena
462 347 588 399 ponit.
639 347 751 387 multi
782 347 982 399 utrimque
1013 348 1169 395 cadunt,
1201 347 1336 399 plures
1363 349 1526 388 vulnera

84 405 305 456 accipiunt3
337 405 498 444 tandem
520 404 672 457 equites
692 405 792 445 alius
813 404 933 444 alium
965 405 1232 457 increpantes,
1264 405 1358 456 quid
1389 406 1530 445 deinde

84 468 262 509 restaret,
294 462 534 514 quaerendo,
567 464 599 502 si
633 475 764 515 neque
796 475 843 502 ex
875 462 988 514 equis
1011 462 1256 515 pepulissent
1279 463 1432 503 hostem
1456 476 1527 503 ne-

84 532 160 571 que
181 519 334 571 pedites
355 519 567 571 quicquam
587 520 780 560 momenti
802 518 1009 560 facerent?
1032 533 1150 572 quam
1166 520 1323 559 tertiam
1345 527 1527 573 expecta-

82 583 174 616 rent
202 575 408 629 pugnam?
448 578 544 629 quid
574 584 665 617 ante
693 578 806 629 signa
835 578 990 617 feroces
1021 577 1299 630 prosiluissent
1332 585 1369 618 et
1399 578 1527 618 alieno

82 641 311 686 pugnarent
339 632 455 674 loco?
476 658 531 664 —
553 635 612 675 his
633 635 738 675 inter
759 647 800 675 se
822 635 985 675 vocibus
1007 636 1194 675 concitati
1217 635 1387 675 clamore
1409 648 1528 675 reno-

80 697 168 731 vato
191 692 371 732 inferunt
392 692 532 744 pedem
556 699 594 732 et
614 693 788 745 primum
809 692 934 744 gradu
955 699 1165 732 moverunt
1187 693 1354 741 hostem,
1385 693 1527 733 deinde

81 749 336 802 pepulerunt,
358 756 562 802 postremo
585 750 659 789 iam
682 750 785 790 haud
807 749 925 790 dubie
943 756 1145 799 avertunt;
1169 763 1312 802 neque,
1335 757 1413 790 tam
1429 751 1530 790 vires

80 819 197 859 pares
227 819 328 859 quae
359 808 603 860 superaverit
632 820 708 855 res,
740 807 853 847 facile
876 808 984 847 dictu
1006 814 1076 854 est,
1108 808 1184 848 nisi
1207 808 1313 859 quod
1335 814 1527 861 perpetua

80 865 241 904 fortuna
271 864 478 916 utriusque
508 865 647 917 populi
678 871 716 905 et
745 865 933 905 extollere
955 865 1109 905 animos
1130 872 1166 905 et
1184 866 1363 905 minuere
1385 866 1526 918 potuit.

81 934 206 974 usque
230 921 277 961 ad
299 929 426 962 castra
456 922 654 975 fugientes
686 922 881 963 Hernicos
910 922 1114 963 Romanus
1146 922 1346 975 sequitur3
1380 929 1529 963 castro-

80 991 170 1018 rum
193 979 504 1032 oppugnatione,
536 980 627 1032 quia
658 993 791 1020 serum
823 987 905 1020 erat
937 980 1024 1028 diei,
1058 980 1299 1020 abstinuere.
1351 980 1417 1020 diu
1444 994 1526 1020 non

79 1037 307 1089 perlitatum
337 1043 522 1077 tenuerat
551 1037 797 1085 dictatorem,
830 1051 880 1077 ne
911 1044 1001 1077 ante
1027 1038 1232 1077 meridien]
1254 1038 1413 1090 signum
1436 1039 1527 1077 dare

79 1100 233 1147 possen
256 1107 302 1134 eo
324 1094 365 1134 in
387 1102 547 1135 noctem
568 1102 738 1135 tractum
755 1102 838 1134 erat
861 1102 1074 1134 certamen.
1116 1103 1278 1147 postero
1297 1096 1357 1135 die
1376 1096 1528 1135 deserta

78 1151 172 1204 fuga
194 1158 319 1192 castra
341 1152 622 1200 Hernicorum,
646 1160 683 1192 et
705 1152 827 1193 saucii
848 1153 975 1192 relicti
998 1153 1154 1204 quidam
1177 1153 1341 1200 inventi,
1364 1165 1527 1205 agmen·

80 1221 157 1261 que
187 1209 424 1262 fugientium
457 1209 506 1249 ab
538 1210 725 1263 Signinis,
759 1223 848 1250 cum
880 1217 1039 1262 praeter
1063 1210 1221 1250 moenia
1243 1223 1382 1250 eorum
1404 1210 1527 1250 infre-

79 1267 242 1318 quentia
263 1273 477 1320 conspecta
499 1268 611 1320 signa
634 1274 780 1314 essent,
813 1268 943 1307 fusum
966 1281 1010 1307 ac
1034 1280 1105 1319 per
1127 1280 1242 1319 agros
1264 1268 1415 1320 trepida
1438 1269 1529 1319 fuga

78 1323 252 1377 palatum
284 1330 354 1364 est.
416 1337 492 1364 nec
511 1325 701 1365 Romanis
725 1325 934 1364 incruenta
956 1325 1117 1364 victoria
1140 1325 1234 1374 fuit;
1268 1331 1406 1377 quarta
1438 1338 1530 1377 pars

79 1381 250 1421 militum
270 1382 425 1429 amissa,
448 1388 499 1431 et,
521 1382 591 1422 ubi
611 1383 715 1423 haud
737 1383 871 1422 minus
892 1383 1065 1422 iacturae
1088 1383 1174 1430 fujt,
1207 1383 1357 1434 aliquot
1377 1383 1530 1435 equites

79 1437 248 1479 Romani
270 1437 461 1479 cecidere.

839 1528 872 1561 in
884 1527 978 1563 Verr.
994 1530 1025 1569 5,
1040 1529 1119 1562 127:

840 1584 895 1607 wo
917 1574 1044 1616 jedoch
1070 1574 1189 1607 immer
1215 1584 1277 1607 nur
1302 1574 1377 1607 eine
1403 1573 1530 1616 Prapo-

80 1526 179 1561 niker
204 1527 279 1561 sind
307 1528 396 1560 lecta
415 1539 568 1571 corpora
594 1529 768 1562 virorum.

80 1591 126 1598 —
150 1574 352 1617 multipleae]
383 1574 548 1615 vielsach,
578 1584 634 1608 um
660 1574 769 1607 vieles

1148 1531 1219 1561 tam
1238 1530 1276 1560 in
1293 1530 1421 1571 paucis
1438 1538 1472 1562 u.
1488 1538 1530 1569 a.,

81 1618 226 1661 gr5sser;
253 1629 279 1652 s.
298 1620 330 1662 2,
348 1621 402 1660 64,
416 1621 451 1659 4;
479 1630 538 1653 zur
563 1619 673 1653 Sache
699 1619 767 1663 vgl.

80 1665 136 1707 21,
162 1665 217 1706 59,
242 1665 280 1698 9:
318 1667 436 1698 maior
458 1664 630 1698 Romanis
663 1677 768 1708 quam

78 1721 146 1754 pro
183 1721 331 1743 numero
368 1713 512 1744 iactura
552 1709 643 1751 suit,
683 1713 768 1754 quia

82 1758 254 1799 equestris
284 1756 424 1789 ordinis
454 1757 593 1800 aliquot
617 1782 626 1790 .
654 1782 662 1790 .
685 1760 770 1789 sunt

82 1801 282 1842 interfecti;
309 1804 339 1843 9,
355 1803 409 1843 38,
425 1805 455 1837 8.

129 1849 160 1882 2.
185 1848 279 1881 alius
296 1848 419 1891 alium]
446 1859 472 1882 s.
487 1850 520 1890 4,
535 1849 588 1889 22,
604 1849 642 1885 5;
670 1850 700 1888 5,
716 1849 771 1889 47,

83 1895 114 1929 3.
138 1912 184 1918 —
214 1894 304 1937 quid
327 1894 466 1935 deinde]
492 1894 561 1937 vgl.
588 1895 619 1933 4,
637 1895 692 1934 49,
712 1896 771 1928 15:

81 1941 230 1983 incipite
247 1965 256 1974 .
270 1967 278 1974 .
297 1939 433 1973 deinde.
453 1959 498 1964 —
522 1941 686 1980 restaret]
711 1950 771 1973 un-

82 1985 288 2030 personlich.
320 2005 362 2010 —
400 1997 446 2019 θα)
478 1987 588 2029 equis]
622 1985 770 2019 namlich

81 2035 294 2074 pugnantes.
315 2051 357 2056 —
383 2042 491 2075 quam
517 2033 675 2073 tertiam]
701 2031 769 2074 vgl.

83 2077 139 2119 21,
160 2078 215 2120 53,
234 2079 265 2112 3.

129 2125 161 2157 3.
178 2125 275 2156 inter
287 2125 336 2165 se]
354 2123 532 2156 attributiv
546 2133 588 2156 zu
604 2124 768 2160 vocibus-3

83 2177 110 2202 s.
131 2169 186 2211 21,
205 2170 260 2211 39,
280 2171 312 2204 9.
342 2188 387 2193 --
415 2169 536 2211 gradu
568 2170 770 2209 moverunt]

84 2214 332 2249 erschutterten
356 2214 406 2248 sie
430 2215 463 2247 in
490 2214 581 2247 ihrer
601 2213 769 2257 Stellung.

84 2261 409 2349 wessfissss‘,⁶'3‘g⁷1²f{;‚
419 2260 605 2348 331031‘23.
618 2260 770 2339 {2153ss

85 2350 161 2384 dem
185 2351 427 2404 vorliegenden
456 2331 635 2385 ahn’liches
660 2350 770 2384 Phan-

84 2396 243 2430 tasiebild
276 2398 368 2431 einer
393 2396 556 2431 Schlacht
580 2396 706 2435 findet;
739 2398 770 2439 6,

88 2443 141 2484 12,
154 2441 269 2476 ssffiu.
283 2453 313 2478 a.
327 2444 612 2484 -avertunfls
627 2444 658 2483 2,
673 2424 727 2484 53,
740 2444 770 2476 3.

133 2489 164 2521 4.
190 2491 262 2521 tam
283 2490 377 2521 vires
395 2491 537 2532 pares*]
563 2488 631 2531 vgl.
646 2488 714 2522 Cic.
728 2487 771 2521 ad

86 2531 156 2566 Att.
171 2535 203 2576 3,
218 2535 271 2576 10,
286 2535 322 2567 2:
349 2538 419 2567 tam
444 2545 489 2567 ea:
514 2534 631 2577 amplo
656 2536 769 2572 statu;

840 1619 942 1653 sition
969 1620 1142 1653 zwischen
1170 1623 1243 1653 tam
1268 1619 1337 1652 und
1362 1619 1437 1653 dem
1461 1619 1529 1653 Ad-

836 1664 949 1707 jektiv
975 1665 1077 1699 steht.
1102 1685 1145 1688 —
1172 1665 1273 1708 quae]
1301 1665 1530 1708 nachgestellt

842 1711 907 1744 wie
928 1713 957 1752 1,
973 1711 1026 1750 26,
1042 1713 1071 1744 1.
1089 1730 1135 1735 -—
1158 1713 1230 1743 nisi
1253 1711 1361 1754 quod]
1388 1722 1414 1744 s.
1429 1712 1530 1753 4,12‚

841 1758 872 1790 9.
887 1776 923 1780 —
948 1759 1137 1799 perpetua]
1166 1756 1218 1790 bis
1230 1757 1319 1799 jetzt
1337 1757 1412 1790 sind
1430 1756 1530 1790 beide

842 1801 971 1836 Volker
996 1803 1097 1835 meist
1122 1802 1320 1836 verbunden
1352 1813 1530 1846 gewesen;

841 1847 910 1891 vgl.
926 1849 956 1887 6,
971 1849 1001 1889 2,
1017 1849 1049 1881 3.
1076 1868 1119 1872 —
1145 1852 1179 1880 et
1195 1874 1202 1881 .
1220 1873 1228 1881 .
1247 1851 1280 1880 et
1297 1874 1304 1882 .
1320 1851 1340 1891 .]
1367 1848 1432 1881 den
1458 1847 1531 1882 Mut

841 1893 900 1927 der
922 1894 1019 1927 einen
1047 1893 1115 1927 und
1140 1893 1200 1927 der
1224 1894 1383 1928 anderen.
1401 1914 1446 1918 —
1471 1905 1532 1927 ea·-

841 1938 947 1984 tollz't]
972 1940 1041 1983 vgl.
1059 1942 1087 1981 7,
1104 1941 1134 1974 3.

889 1987 920 2020 5.
945 1996 1064 2018 ser-um
1081 2011 1088 2018 .
1105 2011 1113 2019 .
1132 1986 1214 2027 diei]
1241 1986 1347 2018 sehon
1374 1986 1451 2029 spat
1477 1996 1530 2019 am

841 2030 945 2074 Tage.
970 2051 1016 2056 —
1049 2032 1112 2064 diu
1142 2042 1215 2064 non
1246 2031 1468 2074 perlitatum]
1505 2042 1530 2065 s.

842 2078 949 2117 22,1;
975 2088 1016 2110 zu
1036 2080 1065 2118 1,
1081 2079 1135 2118 53,
1150 2080 1185 2116 1;
1211 2093 1255 2105 =
1282 2077 1340 2111 der
1353 2076 1532 2118 Umstand,

843 2122 918 2156 dass
952 2128 1022 2156 erst
1057 2123 1212 2156 mehrere
1245 2122 1437 2166 Opfertiere
1475 2133 1533 2165 ge-

844 2168 1034 2202 schlachtet
1076 2169 1213 2202 werden
1255 2170 1424 2209 mussten,
1469 2168 1532 2201 ehe

843 2215 1005 2257 gfinstige
1024 2214 1170 2248 Zeiehen
1197 2214 1384 2257 erfolgte11;
1411 2225 1437 2247 s.
1455 2215 1485 2254 6,
1503 2215 1532 2255 1,

845 2261 901 2297 12;
927 2260 996 2302 vgl.
1019 2262 1051 2302 4,
1073 2262 1126 2303 18,
1150 2262 1180 2295 6.
1213 2279 1256 2284 -
1293 2260 1467 2300 tenuerat]
1505 2269 1531 2292 s.

843 2307 874 2347 3,
889 2306 943 2346 29,
958 2307 988 2339 6.

888 2352 918 2385 6.
947 2351 1110 2393 Signinis
1120 2351 1152 2391 *]
1179 2361 1204 2383 S.
1224 2351 1255 2391 2,
1270 2351 1324 2391 21,
1339 2352 1370 2383 7.

887 2396 1019 2431 9—16.
1044 2397 1073 2430 2.
1101 2395 1222 2438 Kriege
1249 2405 1358 2438 gegen
1377 2393 1432 2428 die
1450 2394 1533 2428 Her-

841 2441 949 2482 niker,
977 2440 1184 2482 Tiburtiner,
1215 2440 1342 2474 Gallier
1372 2440 1441 2474 und
1470 2440 1532 2474 Fa-

841 2486 956 2520 lisker.
1007 2485 1153 2519 Manlius
1179 2485 1386 2530 Torquatus.
1434 2486 1532 2520 Bund

842 2532 902 2565 mit
935 2532 1078 2565 Latium.
1136 2531 1254 2566 Innere
1285 2532 1531 2566 Verbaltnisse.

1560 413 1579 445 Ιέ)
