1779 2828
729 559 779 614 Τ.
810 558 942 613 LIVI

288 664 353 705 AB
386 663 520 704 VRBE
554 663 776 704 CONDITA
807 663 945 703 LIBRI
978 663 1084 703 vnn
1115 663 1389 705 PERIOCHA.

224 764 263 801 T.
292 764 453 800 Veturius
479 765 537 810 Sp.
555 764 755 800 Postumius
780 765 940 799 consules
966 766 1057 810 apud
1083 766 1195 800 furcas
1222 766 1391 802 Caudinas
1417 767 1564 803 deducto

108 812 143 845 in
166 811 282 846 locum
308 814 418 845 artum
444 811 618 853 exercitu,
645 822 721 845 cum
748 822 827 855 spes
853 811 946 845 nulla
972 816 1065 846 esset
1091 813 1277 854 evadendi,
1312 813 1452 848 foedere
1486 825 1562 848 eum

109 857 321 892 Samnitibus
347 857 438 891 facto
458 860 493 892 et
518 857 686 891 sescentis
712 858 889 901 equitibus
907 857 1071 892 Romanis
1090 858 1268 892 obsidibus
1287 859 1377 893 datis
1402 860 1448 894 ita
1468 871 1562 895 exer-

109 904 215 937 citum
240 903 472 946 abduxerunt,
506 907 545 937 ut
570 913 689 938 omnes
723 904 788 937 sub
817 904 936 947 iugum
960 905 1194 945 mitterentu1·;
1226 905 1399 949 iidemque
1424 910 1563 941 auctore

108 948 168 993 Sp.
185 949 364 983 Postumio
391 949 544 992 consule,
571 949 629 994 qui
655 950 690 982 in
717 954 836 983 senatu
862 954 1034 991 suaserat,
1060 953 1097 984 ut
1123 961 1240 984 eorum
1266 950 1452 995 deditione,
1478 963 1562 997 quo-
1586 962 1601 987 5

107 1005 182 1029 rum
200 995 301 1040 culpa
326 998 395 1029 tam
421 995 574 1030 deforme
600 995 723 1029 foedus
748 996 854 1029 ictum
873 999 955 1037 erat,
981 996 1117 1040 publica
1144 996 1231 1030 fides
1247 997 1459 1040 liberaretur,
1485 1009 1562 1032 cum

109 1040 245 1075 duobus
270 1041 416 1075 tribunis
440 1041 553 1086 plebis
577 1045 611 1075 et
629 1041 799 1083 omnibuS,
826 1042 883 1086 qui
909 1041 1032 1076 foedus
1049 1043 1315 1087 spoponderant,
1341 1043 1448 1078 dediti
1467 1044 1562 1078 Sam—

109 1087 239 1121 nitibus
264 1097 334 1121 non
359 1091 439 1122 sunt
462 1088 604 1131 recepti.
646 1098 709 1122 nec
734 1088 842 1121 multo
869 1092 949 1132 post
974 1088 1060 1122 fusis
1086 1099 1104 1122 a
1131 1089 1268 1133 Papirio
1295 1090 1440 1124 Cursore
1466 1090 1562 1125 Sam-

109 1133 240 1167 nitibus
274 1137 308 1167 et
340 1134 404 1168 sub
436 1135 554 1177 iugum
585 1134 700 1168 missis
731 1134 951 1177 receptisque
984 1135 1151 1168 sescentis
1186 1135 1362 1179 equitibus
1386 1136 1589 1179 Romanish
1636 1155 1663 1173 ,η

111 1179 169 1223 qui
194 1179 333 1214 obsides
359 1179 430 1214 dati
456 1182 570 1221 erant,
604 1179 714 1224 pudor
746 1179 868 1223 flagitii
894 1180 1017 1223 prioris
1043 1181 1193 1215 abolitus
1219 1184 1281 1216 est.
1332 1182 1442 1215 tribus
1474 1182 1638 1218 duae¹10'
1763 1172 1768 1176 .

110 1225 266 1260 adiectae
290 1229 383 1267 sunt,
409 1225 568 1259 Ofentina
594 1230 628 1259 et
645 1225 798 1259 Falerna.
840 1225 965 1260 Suessa
993 1229 1026 1260 et
1051 1226 1195 1260 Pontiae
1214 1227 1371 1261 coloniae
1396 1208 1574 1263 deductae¹

110 1274 200 1305 sunt.
240 1271 306 1315 Ap.
327 1271 488 1306 Claudius
514 1281 635 1305 censor
660 1282 783 1316 aquam
803 1271 979 1305 Claudiam
1002 1273 1180 1316 perduxit;
1206 1273 1297 1306 viam
1315 1275 1450 1316 stravit,
1475 1285 1562 1318 quae

109 1317 222 1361 Appia
247 1320 370 1351 vocata
395 1321 466 1357 est;
490 1317 727 1351 libertinorum
745 1317 836 1351 filios
862 1319 895 1351 in
914 1322 1071 1352 senatum
1089 1319 1190 1362 legit;
1216 1319 1377 1363 ideoque,
1402 1321 1563 1364 quoniam

109 1363 139 1396 is
164 1362 248 1397 ordo
273 1362 424 1406 indignis
449 1363 649 1407 inquinatus
675 1363 875 1405 videbatur,
908 1365 1085 1408 sequentis
1111 1366 1190 1398 anni
1220 1366 1380 1399 consules
1406 1370 1562 1400 senatum

110 1408 398 1451 observaverunt,
432 1419 534 1453 quem
567 1409 611 1443 ad
643 1409 783 1443 modum
816 1413 894 1443 ante
930 1411 1104 1452 proximos
1137 1421 1297 1445 censores
1334 1411 1456 1445 fuerat.
1509 1423 1563 1446 res
1592 1421 1621 1446 15

109 1459 288 1500 praeterea
319 1459 437 1490 contra
461 1455 594 1499 Apulos
629 1458 663 1488 et
686 1456 849 1490 Etruscos
875 1458 909 1489 et
928 1455 1073 1489 Vmbros
1099 1460 1133 1490 et
1157 1456 1288 1491 Marsos
1320 1461 1354 1490 et
1379 1457 1563 1501 Paelignos

110 1503 146 1535 et
168 1501 311 1545 Aequos
343 1504 377 1535 et
402 1500 590 1543 Samnites,
625 1501 750 1545 quibus
775 1501 896 1535 foedus
922 1502 1118 1535 restitutum
1152 1507 1220 1544 est,
1252 1513 1416 1546 prospere
1448 1507 1564 1547 gestas

111 1548 276 1582 continet.
324 1546 383 1580 Cn.
410 1547 550 1580 Flavius
575 1548 702 1589 scriba,
736 1547 897 1580 libertino
923 1551 1019 1591 patre
1044 1551 1163 1591 natus,
1189 1549 1310 1582 aedilis
1337 1550 1462 1583 curulis
1489 1550 1563 1591 fuit,

110 1603 171 1636 per
196 1593 368 1626 forensem
392 1592 576 1626 factionem
603 1596 749 1635 creatus,
775 1603 874 1637 quae,
899 1604 976 1627 cum
1003 1594 1139 1627 comitia
1166 1597 1199 1628 et
1225 1605 1382 1638 campum
1410 1596 1562 1630 turbaret

112 1642 146 1673 et
169 1639 205 1672 in
230 1638 284 1672 his
310 1641 451 1683 propter
475 1638 598 1672 nimias
621 1639 710 1673 vires
736 1638 978 1680 dominaretur,
1005 1650 1023 1673 a
1049 1639 1087 1679 Q.
1106 1640 1212 1674 Fabio
1238 1651 1379 1674 censore
1403 1641 1438 1674 in
1465 1645 1563 1685 quat·
1587 1647 1620 1674 20

111 1688 190 1719 tuor
215 1684 325 1718 tribus
342 1683 479 1718 redacta
499 1687 562 1728 est,
589 1695 674 1728 quas
692 1685 840 1719 urbanas
858 1685 1064 1728 appellavit;
1090 1696 1199 1730 eaque
1216 1697 1270 1720 res
1288 1685 1394 1720 Fabio
1412 1686 1562 1721 Maximo

77 1731 80 1734 ⁴
111 1741 238 1765 nomen
261 1729 366 1764 dedit.
414 1730 449 1763 in
475 1730 541 1764 hoc
565 1730 652 1764 libro
678 1732 888 1764 mentionem
916 1731 1019 1765 habet
1042 1731 1238 1773 Alexandri,
1265 1733 1324 1776 qui
1350 1734 1562 1776 temporibus

111 1777 165 1811 his
190 1776 266 1820 fuit,
292 1779 326 1810 et
351 1776 540 1810 aestimatis
565 1776 686 1820 populi
711 1776 855 1810 Romani
880 1777 1029 1817 viribus,
1056 1788 1144 1821 quae
1170 1781 1250 1812 tunc
1276 1782 1391 1819 erant,
1418 1780 1562 1823 colligit,

111 1823 142 1856 si
156 1822 353 1857 Alexander
377 1822 413 1856 in
436 1822 569 1856 Italiam
594 1822 795 1863 traiecisset,
822 1833 890 1856 non
916 1826 984 1856 tam
1010 1823 1145 1857 facilem
1173 1825 1203 1858 ei
1228 1824 1408 1858 victoriam
1434 1825 1476 1859 de
1502 1836 1561 1869 po-

111 1869 195 1912 pulo
212 1868 368 1903 Romano
393 1868 479 1912 sore,
505 1878 607 1913 quam
633 1868 674 1902 de
699 1868 741 1902 iis
767 1869 941 1912 gentibus,
967 1879 1052 1913 quas
1071 1869 1113 1903 ad
1139 1870 1305 1904 orientem
1329 1871 1472 1915 imperio
1500 1881 1561 1905 suo
1587 1877 1619 1903 25

113 1914 318 1949 subiecerat.

736 2076 785 2131 Τ.
816 2075 948 2130 LIVI

330 2178 396 2218 AB
427 2178 560 2218 VRBE
593 2179 816 2220 CONDITA
847 2180 986 2220 Llssru
1016 2179 1052 2219 x
1082 2180 1354 2221 PERIOCHA.

231 2278 394 2313 Coloniae
419 2279 587 2314 deductae
612 2284 692 2315 sunt
718 2280 803 2315 Sora
828 2286 862 2315 et
886 2281 974 2314 Alba
1006 2285 1040 2315 et
1067 2281 1228 2315 Carseoli.
1276 2280 1379 2315 Marsi
1412 2282 1447 2315 in
1473 2282 1567 2316 dedi-

116 2325 246 2359 tionem
263 2325 396 2369 accepti
413 2328 503 2359 sunt.
545 2326 730 2369 collegium
747 2337 913 2370 augurum
931 2327 1131 2370 ampliatum
1150 2331 1214 2369 est,
1238 2331 1277 2361 ut
1294 2330 1410 2361 essent
1427 2339 1563 2371 novem,

117 2380 194 2404 cum
211 2373 312 2405 antea
330 2371 487 2415 quaterni
504 2371 660 2406 fuissent.
693 2372 750 2405 lex
767 2372 809 2405 de
826 2374 1075 2415 provocatione
1094 2373 1135 2406 ad
1152 2372 1319 2416 populum
1337 2383 1355 2405 a
1372 2372 1416 2408 M.
1430 2373 1564 2409 Valerio

118 2417 260 2450 consule
283 2417 386 2450 tertio
411 2419 493 2450 tunc
518 2416 586 2450 lata
613 2420 676 2452 est.
718 2417 804 2451 duae
831 2418 940 2452 tribus
965 2418 1119 2452 adiectae
1144 2421 1235 2459 sunt,
1259 2419 1419 2453 Aniensis
1444 2424 1478 2454 et
1500 2419 1565 2454 Te-
1599 2423 1604 2462 l

116 2462 261 2496 rentina.
302 2461 514 2496 Samnitibus
532 2462 659 2496 bellum
681 2463 846 2496 indictum
872 2467 925 2497 est
950 2467 983 2497 et
1000 2463 1163 2497 adversus
1189 2474 1248 2497 eos
1274 2474 1377 2508 saepe
1401 2475 1563 2510 prospere
1589 2476 1604 2502 5

117 2510 308 2552 pugnatum
325 2511 389 2542 est.
431 2518 507 2541 cum
525 2508 689 2542 adversus
706 2509 879 2551 Etruscos,
897 2508 1054 2552 Vmbros,
1073 2509 1256 2552 Samnites,
1274 2509 1391 2544 Gallos
1408 2511 1445 2546 P.
1459 2511 1563 2546 Decio

120 2556 154 2587 et
179 2552 218 2593 Q.
235 2553 342 2588 Fabio
373 2553 518 2588 ducibus
542 2558 753 2598 pugnaretur
777 2558 811 2588 et
835 2554 1008 2589 Romanus
1035 2556 1204 2590 exercitus
1235 2556 1271 2591 in
1295 2566 1420 2601 magno
1447 2557 1565 2592 discri-
