1779 2828
104 77 131 98 a.
152 69 221 98 Chr.
241 77 272 98 n.
291 70 351 98 326.
370 69 431 98 325.
604 56 731 92 LIBER
754 57 838 93 vm.
887 57 981 93 CAP.
1008 60 1063 93 29.
1479 55 1561 95 265

105 180 240 227 patres
255 174 431 223 incessit,
454 181 498 215 ut
518 174 669 227 pariter
688 185 773 213 eam
795 179 1022 225 susceptam
1040 174 1343 226 neglectamque
1364 174 1565 222 timerent,

106 245 159 272 ne
179 238 247 272 aut
266 232 471 285 inpunitas
485 243 625 271 eorum
646 230 802 271 lascivia
824 230 1093 283 superbiaque
1110 238 1177 271 aut
1197 231 1301 271 bello
1324 245 1480 284 poenae
1497 245 1566 272 ex-

104 290 252 343 petitae
281 295 391 330 metu
421 289 653 342 propinquo
684 294 805 340 atque
837 288 894 327 ira
915 289 1128 329 concirent
1157 289 1349 329 finitimos
1380 289 1564 342 populos.

105 353 145 388 et
172 353 258 388 erat
285 359 415 400 genus
445 358 565 386 omne
599 345 758 386 abunde
789 344 894 385 bello
926 345 1173 387 Samnitibus
1204 359 1290 399 par,
1321 346 1439 387 Marsi
1470 347 1567 387 Pae-

104 404 284 459 lignique
305 410 345 444 et
365 404 602 444 Marrucini:
636 416 750 456 quos,
773 403 805 444 si
822 403 1011 445 Vestinus
1032 404 1311 457 attingeretur,
1335 417 1476 444 omnes
1497 404 1567 444 ha-

104 462 259 503 bendos
279 462 428 502 hostes.
464 462 558 502 vicit
578 468 711 502 tamen
734 473 840 514 pars,
859 473 960 513 quae
982 462 1023 502 in
1045 463 1274 515 praeseutia
1295 462 1417 501 videri
1438 462 1570 514 potuit

104 520 265 561 maioris
296 519 418 560 animi
450 532 572 572 quam
603 518 779 569 consilii3
819 519 888 559 sed
904 526 1086 572 ‘eventus
1118 520 1254 560 docuit
1284 521 1409 560 fortes
1439 520 1567 560 fortu-

105 590 197 618 nam
233 577 381 617 iuvare.
436 576 591 618 bellum·
623 590 671 617 ex
707 577 943 617 auctoritate
979 584 1139 630 patrum
1175 578 1352 631 populus
1383 577 1569 618 adversus

104 635 292 677 Vestinos
312 635 439 676 iussit.
476 635 685 688 provincia
706 647 751 674 ea
772 635 911 684 Bruto,
935 635 1143 676 Samnium
1161 635 1325 676 Camillo
1348 642 1455 676 sorte
1478 648 1567 675 eve-

105 693 177 734 nit.
229 693 428 733 exercitus
449 699 624 746 utroque
646 692 768 741 ducti,
802 698 839 732 et
872 705 968 733 cura
997 694 1241 734 tuendorum
1272 694 1414 733 finium
1435 694 1570 734 hostes

103 749 296 805 prohibiti
313 750 564 803 coniungere
580 763 701 791 arma.
733 756 910 791 ceterum
922 751 1090 791 alterum
1108 752 1318 792 consulem
1335 751 1379 791 L.
1392 751 1568 798 Furium,

105 809 170 850 cui
201 808 330 849 maior
358 808 484 849 moles
515 821 650 849 rerum
682 808 854 860 inposita
887 815 991 856 erat,
1023 809 1165 850 morbo
1198 810 1305 862 gravi
1342 809 1569 862 inplicitum

103 867 268 908 fortuna
287 865 393 906 bello
414 866 632 917 subtraxit3
654 866 868 918 iussusque
890 866 1122 907 dictatorem
1141 868 1272 908 dicere
1294 868 1353 908 rei
1370 867 1570 920 gerendae

104 937 223 965 causa
243 924 364 975 longe
385 923 649 965 clarissimum
680 923 785 964 bello
814 936 859 964 ea
889 930 1124 978 tempestate
1156 926 1264 973 dixit,
1296 925 1340 965 L.
1364 925 1567 978 Papirium

105 982 332 1031 Cursorem,
355 994 375 1021 a
396 993 477 1033 quo
500 982 548 1030 Q.
571 981 717 1022 Fabius
738 981 930 1023 Maximus
952 983 1161 1024 Rullianus
1182 983 1369 1035 magister
1391 983 1570 1035 equitum

105 1046 165 1082 est
185 1041 335 1081 dictus:
367 1051 440 1092 par
471 1040 605 1080 nobile
636 1039 758 1080 rebus
790 1039 831 1079 in
863 1053 910 1080 eo
943 1042 1175 1094 magistratu
1207 1042 1340 1094 gestis,
1372 1041 1571 1081 discordia

103 1105 252 1147 tamen,
275 1109 353 1150 qua
373 1109 502 1150 prope
524 1099 571 1138 ad
592 1097 778 1138 ultimum
805 1096 1071 1139 dimicationis
1093 1105 1256 1139 ventum
1289 1105 1358 1147 est,
1382 1099 1569 1139 nobilius.

219 1155 280 1196 Ab
302 1154 426 1195 altero
450 1155 616 1197 consule
638 1155 680 1195 in
702 1155 877 1196 Vestinis
897 1156 1105 1210 multiplex
1127 1156 1274 1197 bellum
1307 1169 1380 1196 nec
1403 1168 1571 1209 usquam

104 1215 212 1256 vario
236 1218 381 1255 eventu
402 1220 558 1265 gestum
581 1219 653 1254 est.
697 1225 788 1252 nam
812 1219 851 1253 et
873 1215 1108 1266 pervastavit
1130 1227 1245 1268 agros
1268 1221 1307 1254 et
1338 1214 1569 1268 populando

105 1279 225 1326 atque
246 1270 403 1313 urendo
425 1276 528 1312 tecta
558 1271 736 1312 hostium
758 1277 922 1323 sataque
945 1272 984 1313 in
1009 1273 1134 1313 aciem
1166 1272 1312 1313 invitos
1335 1273 1502 1312 extraxit
1533 1280 1570 1312 et

153 1366 185 1399 3.
209 1368 411 1409 susceptam
427 1364 710 1408 neglectamque]
738 1364 799 1399 das
871 1362 1019 1403 Marser,
1056 1373 1113 1396 um
1146 1362 1211 1397 den
1238 1362 1328 1406 Berg
1355 1362 1493 1405 Majella
1519 1362 1572 1396 bis

106 1410 198 1446 Part.
223 1409 350 1454 Praet.,
388 1410 449 1445 des
481 1410 709 1444 Abstraktum
741 1410 802 1445 der
874 1420 951 1443 zum
970 1408 1095 1443 Meere.
1122 1429 1166 1433 —
1192 1411 1450 1452 attingeretur]
1471 1419 1572 1443 wenn

106 1456 329 1492 vollendeten
362 1455 567 1500 Thatigkeit
603 1456 802 1491 vertretend

105 1505 147 1544 (s.
160 1505 191 1545 7,
208 1504 262 1546 13,
276 1505 322 1546 4),
340 1503 386 1537 ist
400 1502 529 1546 Objekt
546 1513 615 1536 von
634 1505 804 1536 timerent

106 1549 176 1584 und
201 1549 425 1584 kondizional
442 1560 485 1583 zu
504 1549 667 1583 nehmen:
693 1560 749 1592 ne,
772 1551 805 1582 si

106 1598 344 1640 suscepissent
362 1623 369 1630 .
383 1621 392 1630 .
406 1595 651 1638 neglexissent
669 1620 677 1629 .
697 1622 703 1628 .
722 1606 805 1628 con-

108 1644 243 1682 cirent;
269 1641 376 1676 durch
394 1641 449 1676 die
465 1641 725 1685 Abhangigkeit
743 1641 804 1675 des

107 1687 278 1731 Particips
286 1698 355 1732 von
371 1690 536 1721 timerent
545 1687 590 1721 ist
601 1687 663 1720 das
673 1687 804 1730 eigent-

107 1733 198 1768 liche
224 1732 353 1776 Objekt
386 1733 570 1768 desselben
601 1732 803 1767 erklarende

107 1779 317 1825 Apposition
343 1779 549 1824 geworden;
577 1789 603 1813 s.
631 1780 662 1820 2,
689 1780 743 1819 36,
771 1780 801 1813 3.

106 1826 155 1860 lm
174 1825 362 1869 folgenden
376 1825 515 1859 bezieht
528 1825 602 1859 sich
615 1825 802 1859 chiastisch

107 1874 296 1916 inpunitas
321 1871 381 1906 auf
403 1871 624 1914 neglectam,
649 1874 747 1904 metu
765 1896 773 1904 .
795 1896 803 1905 .

108 1918 170 1953 aur
190 1921 406 1962 susceptum.
423 1937 469 1942 —
496 1918 647 1951 lascivia
666 1943 673 1950 .
692 1942 700 1951 .
721 1927 803 1950 con-

107 1963 802 2054 ffi‘lg'ttti‘l‘sssssszffi‘tffoe.littae

107 2075 154 2082 —
177 2059 275 2090 metu
294 2058 520 2100 propinquo]
537 2071 582 2084 =
600 2059 697 2089 metu
719 2066 804 2099 pro-

103 2105 238 2147 pinqui
263 2102 359 2136 belli.

156 2151 188 2184 4.
215 2151 261 2191 et]
289 2143 376 2182 ‘und
400 2149 435 2182 in
462 2147 521 2182 der
546 2142 665 2189 That',
695 2147 807 2182 erkla-

109 2194 234 2229 render
250 2195 376 2228 Zusatz
402 2194 462 2228 des
481 2194 609 2228 Livius.
626 2213 673 2218 —-
691 2204 809 2237 genus

111 2243 226 2282 omne]
245 2251 273 2275 s.
292 2242 347 2283 24,
363 2241 402 2280 ὃς
420 2256 466 2268 =
484 2240 543 2274 der
561 2250 669 2284 ganze
682 2239 809 2274 Volks-

111 2291 253 2327 stamm;
280 2286 334 2321 die
361 2288 383 2321 4
397 2285 527 2320 Volker
545 2288 586 2328 (s.
602 2289 633 2328 7,
651 2285 736 2330 Kap.
751 2288 808 2329 31)

110 2332 267 2367 bildeten
291 2332 404 2366 neben
430 2332 496 2366 den
522 2332 625 2366 ihnen
652 2342 808 2366 verwan-

112 2378 194 2413 dten
212 2378 390 2413 Samniten
416 2379 493 2412 eine
518 2377 712 2412 besondere
730 2378 810 2411 Eid-

113 2424 389 2468 genossenschaf
392 2428 401 2458 t
414 2438 421 2464 ;
439 2425 512 2458 ihre
522 2423 726 2467 Tapserkeit
738 2434 809 2457 war

113 2469 322 2510 anerkannt;
348 2469 454 2504 daher
480 2470 569 2503 bello
585 2470 810 2504 Samnitibus

111 2526 192 2560 par.
211 2535 254 2541 —
273 2516 388 2550 Marsi
411 2516 661 2559 Paelignique]
687 2526 713 2549 s.
730 2517 761 2555 6,
777 2517 808 2550 S.

112 2580 158 2586 —
192 2561 411 2603 Marrucini]
447 2561 716 2605 Abkommlinge
751 2561 810 2595 der

873 1466 952 1490 man
979 1454 1133 1499 angrifle.

922 1504 952 1535 5.
980 1500 1095 1541 fortes
1121 1501 1310 1542 fortunam
1326 1527 1333 1535 .
1351 1504 1371 1542 .]
1399 1512 1423 1535 s.
1444 1502 1498 1542 34,
1519 1503 1572 1542 37,

875 1550 896 1582 4
924 1558 956 1582 u.
984 1558 1013 1581 a.

924 1595 955 1629 8.
983 1593 1202 1636 inplicitum]
1230 1603 1255 1627 s.
1285 1596 1316 1634 5,
1343 1594 1397 1633 31,
1424 1595 1455 1627 ἵ.

923 1642 954 1674 9.
981 1641 1089 1682 longe
1122 1639 1375 1680 clarissimum]
1410 1638 1506 1672 mehr
1539 1638 1573 1671 in

877 1685 995 1728 Bezug
1021 1685 1082 1718 aul'
1107 1685 1202 1719 seine
1230 1686 1390 1728 spateren
1418 1684 1571 1722 Thaten;

877 1731 946 1775 vgl.
961 1731 1048 1765 auch
1063 1733 1155 1773 16‚4.
1167 1751 1206 1755 —
1223 1731 1424 1772 Cursorem]
1436 1741 1474 1764 so
1486 1730 1572 1764 nach

875 1777 934 1812 der
961 1779 1016 1819 23,
1046 1780 1084 1812 17
1114 1777 1343 1820 angesiihrten
1370 1776 1502 1816 Quelle.
1531 1795 1573 1800 —

875 1824 1070 1865 flavimus]
1098 1834 1124 1857 s.
1154 1824 1206 1863 18,
1234 1826 1265 1857 4.
1294 1843 1335 1847 —
1367 1823 1573 1862 Rullianus]

875 1870 963 1904 auch
988 1869 1116 1903 Rullus
1141 1875 1309 1912 genannt;
1338 1880 1364 1903 s.
1393 1871 1446 1910 24,
1474 1872 1505 1910 9,
1535 1871 1571 1905 7;

876 1918 931 1957 30,
949 1917 1004 1956 26,
1024 1917 1058 1954 8;
1085 1916 1159 1949 sein
1181 1915 1283 1949 Vater
1304 1915 1433 1958 jedoch
1459 1916 1566 1967 hei-ist

876 1962 923 1996 M.
948 1962 1088 1996 Fabius
1113 1963 1370 2002 Ambustus5
1407 1972 1433 1996 s.
1462 1966 1492 2001 ἵ,
1521 1966 1574 2003 11,

878 2010 914 2047 ’.ἲς
945 2011 997 2049 17,
1018 2010 1193 2049 1.1S,10;
1221 2007 1312 2042 Fasti
1329 2018 1423 2042 cons.
1443 2019 1472 2044 a.
1490 2011 1572 2047 3943

878 2055 970 2088 Fasti
998 2054 1159 2098 triumph.
1179 2065 1208 2090 a.
1228 2056 1306 2089 400.

928 2103 980 2135 10.
1007 2101 1126 2134 nobile
1139 2126 1146 2134 .
1164 2129 1171 2135 .
1190 2100 1361 2143 nobilius]
1381 2100 1487 2134 sehon
1515 2101 1573 2134 be-

878 2147 994 2181 rnhmt
1019 2172 1027 2181 .
1048 2171 1056 2180 .
1082 2147 1164 2181 aber
1190 2147 1279 2180 noch
1306 2146 1523 2185 berfihmter,·
1547 2156 1572 2180 s,

884 2196 912 2235 1,
932 2195 963 2235 ἵ,
982 2194 1012 2227 8.
1036 2212 1080 2218 —-
1106 2193 1273 2226 ultimum
1293 2218 1300 2227 .
1320 2195 1342 2234 .]
1369 2196 1453 2226 statt
1480 2192 1574 2225 eines

881 2238 1157 2282 adjektivischen
1183 2239 1375 2277 Attributs;
1407 2248 1432 2271 s.
1461 2239 1492 2277 2,
1519 2241 1574 2279 45,

882 2288 936 2320 10.
963 2286 1018 2325 56,
1045 2287 1082 2325 5;
1118 2295 1160 2318 zu
1189 2287 1217 2325 1,
1248 2287 1302 2324 57,
1330 2287 1366 2321 9:
1394 2286 1448 2324 21,
1468 2284 1523 2325 33,
1543 2287 1573 2317 ἵ.

930 2333 981 2366 11.
1008 2331 1163 2372 consule]
1190 2340 1226 2363 er
1250 2330 1343 2363 sohrt
1367 2329 1479 2363 neben
1497 2329 1574 2364 dem

880 2376 1038 2410 Diktator
1052 2376 1117 2409 den
1132 2375 1235 2418 Krieg
1250 2376 1327 2409 sort.
1343 2395 1386 2399 —
1402 2377 1440 2408 in
1460 2375 1575 2409 Vesti-

881 2425 949 2463 nis]
969 2422 1023 2456 die
1042 2421 1244 2455 Teilnahme
1263 2421 1322 2454 der
1340 2420 1484 2465 fibrigen
1502 2421 1574 2456 drei

881 2467 1012 2502 volker
1037 2477 1091 2501 am
1110 2466 1233 2510 Kriege
1261 2467 1384 2512 (s.§4)
1410 2467 1454 2501 ist
1479 2468 1574 2502 nicht

882 2515 1111 2556 eingetreten;
1128 2513 1227 2547 einen
1239 2513 1354 2547 Grund
1364 2513 1462 2547 darer
1480 2514 1574 2557 giebt

880 2559 997 2593 Livius
1008 2559 1102 2593 nicht
1113 2569 1166 2595 an.
1178 2579 1221 2584 —
1231 2559 1394 2603 sataque]
1406 2570 1431 2594 s.
1442 2561 1472 2602 6,
1483 2561 1572 2601 31‚s.

1603 1045 1638 1078 10

1603 1160 1638 1194 11

1603 1275 1639 1308 12
