1779 2828
181 104 209 126 a.
230 97 299 126 chr.
320 105 350 127 n.
370 98 432 126 321.
653 83 780 118 LIBER
806 69 901 118 vnn.
939 82 1094 119 ese-1.
1122 86 1152 117 5.
1622 82 1647 120 9

180 209 283 244 sent.
335 203 442 256 quod
464 202 510 252 si,
541 208 586 242 ut
607 201 683 242 illis
704 201 919 242 decurrere
942 212 989 240 ex
1013 199 1206 253 Capitolio
1229 200 1390 240 armatis
1421 199 1461 239 in
1494 199 1652 240 hostem
1683 206 1703 239 9

179 261 304 309 licuit,
326 273 406 314 quo
429 272 547 313 saepe
568 259 688 300 modo
712 259 864 299 obsessi
887 259 927 298 in
951 258 1183 298 obsidentes
1199 265 1436 310 eruperunt,
1458 258 1510 297 ita
1533 257 1652 298 nobis

180 331 310 372 aequo
332 324 400 358 aut
419 318 560 370 iniquo
592 318 682 358 loco
709 317 923 357 dimicandi
955 315 1232 356 tantummodo
1266 328 1355 355 cum
1389 316 1502 355 hoste
1536 316 1652 368 copia

180 384 298 424 esset,
331 389 413 416 non
436 375 534 416 mihi
556 375 713 428 paterni
737 375 859 415 animi
881 374 1037 415 indoles
1069 375 1110 414 in
1134 373 1302 414 consilio
1329 373 1460 413 dando
1483 374 1650 414 deesset.

179 434 363 487 equidem
384 440 555 474 mortem
580 446 654 486 pro
678 434 806 486 patria
827 432 1075 485 praeclaram
1099 444 1185 472 esse
1207 433 1334 471 fateor
1356 438 1393 471 et
1418 443 1479 470 me
1503 431 1562 471 vel
1584 432 1653 471 de·

177 504 320 532 vovere
341 504 415 544 pro
438 491 589 546 populo
612 492 794 533 Romano
817 491 1127 544 legionibusque
1149 490 1209 530 vel
1231 490 1271 529 in
1296 489 1448 529 medios
1469 490 1563 541 [me]
1589 490 1650 529 in-

177 549 336 590 mittere
359 550 494 591 hostes
516 556 679 603 paratus
700 561 811 599 sum;
845 549 912 590 sed
935 549 998 589 hic
1023 549 1188 601 patriam
1214 548 1339 596 video,
1373 548 1436 587 hic
1460 548 1652 600 quidquid

178 606 451 648 Romanarum
470 608 676 661 legionum
696 614 767 655 est,
785 620 900 660 quae,
921 607 997 647 nisi
1013 619 1087 660 pro
1106 619 1148 647 se
1166 606 1262 659 ipsis
1279 606 1326 645 ad
1344 612 1515 646 mortem
1534 618 1653 646 ruere

176 665 330 715 volunt,
355 666 451 719 quid
472 666 636 715 habent,
659 667 767 719 quod
790 672 919 706 morte
941 677 1012 706 sua
1035 663 1224 705 servent?
1252 660 1375 704 ‘tecta
1397 660 1524 704 urbis’
1551 664 1655 704 dicat

178 723 322 776 aliquis
339 721 398 764 ‘et
419 725 578 765 moenia
601 731 641 765 et
663 737 749 765 eam
779 723 949 770 turbam,
983 736 1002 764 a
1027 736 1103 776 qua
1136 722 1234 763 urbs
1261 718 1476 763 incolitur?
1531 722 1652 761 immo

178 781 342 822 hercule
364 782 596 835 produntur
618 795 663 823 ea
687 782 821 822 omnia
844 782 974 822 deleto
998 782 1074 821 hoc
1098 781 1288 827 exerc-itu,
1323 794 1405 821 non
1429 787 1652 820 servantur.

180 840 269 891 quis
292 840 398 880 enim
422 853 466 881 ea
490 839 698 881 tuebitur?
732 840 889 881 inbellis
907 839 1086 879 videlicet
1105 846 1223 891 atque
1243 839 1407 879 inermis
1426 838 1651 878 multitudo.

178 904 259 938 tam
280 898 458 947 hercule,
482 911 601 951 quam
623 911 643 939 a
666 898 868 939 Gallorum
893 898 1045 950 impetu
1068 898 1259 937 defendit.
1308 910 1357 936 an
1383 910 1402 937 a
1427 897 1516 937 Veis
1539 909 1654 936 exer-

179 956 302 996 citum
318 956 609 1009 Camillumque
628 956 770 997 ducem
788 954 1080 1009 inplorabunt'?
1119 956 1181 995 hic
1202 968 1342 995 omnes
1364 967 1456 1007 spes
1475 967 1653 1008 opesque

178 1020 286 1063 sunt,
310 1027 409 1067 quas
425 1014 619 1055 servando
638 1015 803 1067 patriam
822 1026 1037 1060 servamus,
1061 1013 1243 1053 dedendo
1262 1014 1307 1052 ad
1326 1025 1466 1053 necem
1487 1013 1653 1065 patriam

179 1071 400 1113 deserimus
421 1085 466 1112 ac
488 1073 709 1126 prodimus.
748 1068 805 1112 ‘at
828 1073 941 1112 foeda
965 1079 1083 1124 atque
1107 1072 1375 1124 ignominiosa
1397 1071 1544 1111 deditio
1569 1068 1652 1111 est?

179 1129 248 1170 sed
281 1143 326 1171 ea
359 1130 501 1171 caritas
533 1131 683 1184 patriae
716 1136 788 1179 est,
824 1137 866 1170 ut
898 1137 974 1170 tam
1009 1130 1228 1182 ignominia
1262 1142 1346 1169 eam
1375 1141 1492 1181 quam
1528 1136 1655 1169 morte

180 1194 331 1238 nostra,
353 1189 386 1230 si
409 1201 511 1242 opus
532 1189 594 1238 sit,
626 1200 844 1229 servemus.
888 1188 1080 1228 subeatur
1102 1200 1197 1240 ergo
1222 1188 1308 1234 ista,
1332 1194 1656 1239 quantacumque

180 1252 251 1294 est,
283 1246 500 1300 indignitas
531 1253 569 1286 et
590 1253 777 1300 pareatur
801 1246 1039 1293 necessitati,
1072 1259 1191 1298 quam
1216 1259 1266 1285 ne
1290 1246 1327 1285 di
1352 1245 1511 1297 quidem
1535 1258 1656 1298 supe·

180 1310 284 1344 rant.
326 1305 392 1353 ite,
416 1305 617 1354 consules,
641 1305 822 1345 redimite
840 1305 960 1344 armis
983 1305 1194 1351 civitatem,
1219 1316 1338 1356 quam
1362 1315 1460 1343 auro
1485 1304 1656 1343 maiores

178 1363 298 1403 vestri
321 1360 607 1403 redemerunt?
652 1363 839 1404 consules
856 1363 1025 1415 profecti
1045 1364 1089 1402 ad
1113 1362 1298 1402 Pontium
1318 1362 1356 1401 in
1377 1361 1652 1414 conloquium,

180 1432 270 1461 cum
304 1422 352 1462 de
384 1421 544 1461 foedere
567 1422 694 1462 victor
715 1422 896 1474 agitaret,
932 1428 1132 1472 negarunt
1165 1420 1318 1460 iniussu
1342 1420 1480 1472 populi
1514 1420 1654 1459 foedus

226 1559 258 1593 9.
276 1557 352 1599 ulJ*
369 1577 414 1582 —
431 1559 597 1599 armatis]
616 1568 643 1591 s.
659 1560 691 1600 3,
711 1560 764 1600 50,
784 1560 813 1592 6.
834 1577 878 1582 —

176 1606 327 1648 paterni
343 1606 460 1637 animi
475 1605 628 1646 indoles]
656 1605 710 1638 die
735 1605 878 1648 Anlage,

180 1651 281 1684 einen
293 1649 366 1684 Mut
380 1660 421 1684 zu
436 1651 558 1694 zeigen
571 1651 638 1684 wie
654 1651 742 1685 mein
756 1649 878 1689 Vater;

182 1707 208 1732 ε.
227 1698 280 1737 17,
298 1698 349 1731 10.

231 1744 285 1777 10.
318 1742 395 1775 vel*
419 1744 458 1775 in
483 1742 619 1775 medios
636 1767 645 1777 .
662 1744 684 1784 .]
710 1746 794 1776 statt
820 1742 881 1776 der

182 1787 307 1822 beiden
341 1787 721 1833 korrespondierenden
751 1789 805 1821 vel
830 1799 880 1822 er-

183 1839 329 1869 wartete
355 1844 433 1868 man
460 1835 515 1868 ein
543 1835 674 1869 blosses
696 1838 730 1868 ec
754 1845 796 1868 an
823 1835 882 1868 der

182 1881 332 1916 zweiten
351 1879 471 1922 Stelle,
498 1881 538 1915 da
563 1881 623 1915 das
641 1892 744 1915 se...
761 1883 882 1914 inmit-

183 1928 279 1962 tere*
312 1927 368 1962 die
393 1927 501 1971 Folge
533 1927 592 1962 der
622 1927 793 1962 Devotion
820 1928 881 1966 ist;

183 1985 209 2009 s.
228 1977 281 2015 17,
301 1976 358 2014 t3;
378 1975 410 2016 8,
425 1976 458 2016 9,
473 1975 511 2014 9;
538 1973 606 2008 Cic.
622 1985 692 2019 par.
712 1977 740 2015 1,
760 1976 818 2014 12;
839 1974 881 2008 de

182 2019 242 2056 fin.
257 2021 289 2063 2,
304 2021 360 2056 61.

233 2070 284 2103 11.
309 2066 491 2110 quidquid
506 2065 753 2100 Romanarum
772 2067 883 2110 legio·

182 2123 270 2146 num
295 2112 362 2158 est]
389 2112 653 2155 sibertreibend,
685 2114 751 2147 wie
773 2115 882 2156 3,10:

183 2161 223 2193 in
235 2160 385 2199 multam
406 2169 494 2203 ganz
509 2159 633 2193 anders
650 2159 733 2193 wird
751 2162 803 2200 19,
819 2159 882 2193 2fl'.

184 2205 240 2240 die
258 2204 375 2240 Macht
387 2204 495 2240 Roms
513 2205 734 2249 geschitdert.
754 2225 796 2230 —
812 2217 882 2249 pro

183 2263 220 2285 se
245 2251 348 2297 ipsis]
374 2262 432 2286 um
459 2251 533 2286 sicli
559 2251 619 2286 der
643 2251 813 2286 Schmach
840 2263 881 2286 zu

183 2298 376 2334 entziehen.
404 2297 578 2333 Wahrend
597 2303 694 2332 sonst
709 2298 764 2332 die
779 2298 882 2332 Liebe

182 2354 261 2378 zum
273 2343 481 2379 Vaterlande
496 2344 552 2379 die
566 2344 807 2389 Aufopserung
821 2344 884 2379 des

184 2390 318 2426 Lebens
343 2391 484 2434 forden,
509 2391 556 2425 ist
580 2400 617 2424 es
638 2392 729 2434 jetzt
748 2390 884 2433 Pssicht,

184 2435 242 2470 die
255 2435 426 2472 Scbmach
440 2437 518 2472 dem
529 2436 626 2471 Tode
639 2437 884 2479 vorzuziehen,

185 2491 242 2515 um
258 2482 320 2517 das
334 2482 522 2518 Vaterland
542 2494 583 2517 zu
602 2488 735 2523 rentem
754 2494 780 2517 s.
796 2484 814 2527 ξ
833 2486 883 2518 15.

233 2529 286 2563 12.
313 2531 418 2572 tecta]
437 2530 506 2574 vgl.
523 2533 555 2572 5,
570 2531 625 2570 54,
642 2531 673 2564 2.

234 2575 287 2609 14.
301 2585 324 2608 a
336 2574 432 2618 Veis]
448 2576 527 2610 weil
539 2576 703 2610 Camillus
717 2575 883 2610 zunachst

951 1568 1019 1591 von
1039 1557 1114 1590 dort
1142 1558 1200 1590 mit
1230 1556 1304 1589 dem
1326 1555 1433 1589 Heere
1461 1557 1548 1590 nach
1568 1556 1654 1590 Rom

952 1604 1047 1641 kam;
1077 1614 1102 1637 s.
1127 1606 1158 1641 5,
1182 1606 1236 1638 46.
1268 1605 1323 1638 10:
1356 1604 1410 1638 22.
1435 1605 1547 1641 3.10;
1584 1603 1653 1647 vgl.

952 1650 1040 1683 Flor.
1071 1653 1098 1685 l.
1124 1652 1175 1686 17,
1200 1652 1236 1684 4:
1266 1648 1377 1681 Lucan
1407 1651 1507 1689 5,2§.

1004 1698 1054 1730 15.
1082 1696 1230 1736 deditio]
1259 1695 1312 1728 die
1334 1689 1514 1739 [bergabe
1538 1697 1570 1729 in
1598 1695 1653 1729 die

952 1742 1089 1776 Gewalt
1116 1741 1176 1776 des
1196 1740 1343 1775 feindes
1367 1747 1467 1775 unter
1493 1743 1557 1776 den
1586 1753 1653 1776 von

953 1789 1084 1822 diesem
1119 1788 1304 1831 gestellten
1338 1787 1586 1832 Bedingungen
1613 1791 1654 1830 (s.

956 1838 986 1877 4,
1011 1837 1062 1876 3);
1101 1835 1186 1868 nach
1215 1834 1292 1868 dem
1325 1834 1510 1878 folgenden
1538 1839 1654 1869 ite...

955 1882 999 1915 ist
1019 1882 1185 1915 zunaclist
1204 1891 1245 1914 an
1265 1880 1319 1914 die
1335 1881 1581 1925 Auslieserung
1595 1881 1655 1916 der

956 1927 1089 1961 Waffen
1118 1938 1157 1961 zu
1187 1927 1334 1961 denken.

1004 1976 1054 2009 16.
1082 1972 1302 2018 necessitati]
1321 1973 1396 2007 dem
1420 1973 1557 2009 Fatum:
1581 1985 1606 2007 s.
1623 1976 1654 2009 9.

957 2023 1008 2054 10.
1028 2040 1071 2045 --
1092 2023 1150 2062 ilo]
1171 2021 1303 2053 entlialt
1323 2020 1378 2053 die
1398 2020 1655 2064 Aussorderung

954 2067 999 2100 im
1019 2066 1261 2110 allgemeinen,
1278 2067 1344 2100 wie
1359 2077 1436 2109 age,
1455 2069 1570 2109 agila
1595 2067 1655 2100 das

955 2113 1178 2158 asyndetisch
1203 2113 1253 2147 als
1278 2112 1469 2156 Erkl'arung
1494 2113 1655 2156 folgende

953 2160 1118 2192 redimite
1156 2160 1221 2193 den
1264 2160 1483 2193 bestimmten
1514 2159 1654 2197 Besehl;

954 2207 1124 2244 zuwejlen
1144 2206 1188 2239 ist
1213 2209 1261 2238 ile
1288 2216 1350 2239 nur
1368 2206 1578 2248 Andeutung
1597 2205 1656 2239 der

955 2251 1047 2291 Eile;
1075 2263 1103 2287 s.
1126 2263 1166 2285 zu
1194 2255 1222 2294 1,
1242 2254 1296 2287 26.
1319 2255 1370 2286 11.

1000 2299 1038 2334 5.
1069 2301 1096 2332 1.
1123 2300 1369 2341 negat-unt..]
1397 2297 1461 2331 den
1487 2297 1655 2330 hochsten

955 2343 1182 2388 Magistraten
1210 2344 1295 2377 wird
1324 2348 1421 2377 sonst
1448 2343 1502 2376 die
1530 2342 1656 2386 Besug-

956 2391 1009 2424 nis
1036 2391 1131 2424 nicht
1158 2391 1356 2429 bestritten,
1385 2389 1439 2423 sur
1464 2389 1529 2422 deu
1557 2388 1656 2423 Staat

955 2436 1192 2470 verbindliche
1231 2435 1396 2479 Vertrage
1439 2435 1655 2469 abzuscblie-

956 2483 1046 2522 ssen;
1075 2482 1136 2516 das
1153 2481 1243 2515 Volk
1264 2482 1345 2515 aber
1373 2482 1430 2515 bat
1456 2481 1517 2516 das
1536 2481 1657 2524 Recbt,

956 2528 1145 2569 dieselben,
1173 2538 1273 2561 wenn
1300 2528 1350 2562 sie
1369 2528 1459 2562 ohne
1478 2528 1573 2563 seine
1592 2527 1657 2562 Zu-

956 2575 1143 2617 stimmung
1172 2574 1442 2618 abgeschlossen
1474 2574 1572 2617 sind,
1612 2585 1653 2608 zu

1686 437 1724 470 10

1687 554 1723 587 11

1687 843 1724 876 13

1689 901 1725 934 14

1689 1074 1725 1106 15

1691 1191 1727 1223 16
