1779 2828
97 89 125 110 ο.
145 82 212 110 Chr.
237 90 266 111 n.
285 83 348 110 325.

598 69 722 105 LlBER
749 69 834 104 vm.
882 69 977 104 CAP.
1004 71 1058 103 32.

1479 65 1557 104 271

95 201 231 228 rerum
264 194 463 241 gestarum
500 200 618 240 posse
654 187 944 226 vociferaretur
980 192 1249 238 purgaretque
1287 199 1327 225 se
1366 186 1404 225 in
1438 186 1562 225 vicem

94 253 213 299 atque
235 247 340 286 ultro
363 251 580 290 accusaret,
602 251 700 284 tunc
717 245 899 297 Papirius
921 245 1190 295 redintegrata
1214 243 1269 283 ira
1291 244 1454 296 spoliari
1478 256 1562 283 ma-

95 305 264 353 gistrum
303 304 480 355 equitum
517 315 562 342 ac
596 303 727 354 virgas
764 309 800 341 et
833 314 994 341 secures
1026 301 1204 354 expediri
1236 301 1361 340 iussit.

1417 301 1563 341 Fabius

95 362 212 402 tidem
244 362 413 402 militum
446 361 656 413 inplorans
685 360 955 400 lacerantibus
978 366 1125 398 vestem
1150 358 1360 398 lictoribus
1390 360 1435 397 ad
1467 360 1562 399 tria-

93 421 176 460 rios
198 419 412 459 tumultum
434 418 569 459 ultima
601 419 640 458 in
673 419 863 458 contione
896 419 1109 458 miscentes
1139 429 1226 456 sese
1255 417 1419 469 recepit.
1471 417 1563 456 inde

95 478 247 517 clamor
267 477 306 517 in
326 483 447 516 totam
468 477 700 517 contionem
720 483 778 516 est
795 476 983 529 perlatus.
1026 476 1114 515 alibi
1138 487 1293 528 preces.
1315 474 1407 513 alibi
1430 475 1562 514 minae

93 535 382 585 audiebantur3
414 535 481 587 qui
504 535 674 588 proximi
698 536 800 574 sorte
822 534 1011 573 tribunali
1035 540 1248 579 steterant,
1281 533 1369 585 quia
1393 533 1559 572 subiecti

94 593 219 633 oculis
250 593 501 646 imperatoris
533 592 722 633 noscitari
754 599 962 645 poterant,
994 592 1182 636 orabant,
1210 598 1252 630 ut
1274 597 1457 644 parceret
1479 603 1563 629 ma-

91 652 216 703 gistro
240 652 419 703 equitum
443 664 521 691 neu
545 664 635 690 cum
659 663 706 689 eo
729 651 948 690 exercitum
972 650 1201 697 damnaret;
1229 657 1402 688 extrema
1427 649 1563 687 contio

93 716 131 748 et
154 710 256 749 circa
282 708 446 748 Fabium
469 708 613 759 globus
635 708 898 761 increpabant
921 708 1205 748 inclementem
1229 708 1462 747 dictatorem
1486 707 1560 746 nee

91 767 234 820 procul
253 767 449 807 seditione
466 768 646 806 aberant.
687 780 735 806 ne
759 766 934 806 tribunal
958 766 1117 818 quidem
1142 766 1236 805 satis
1257 766 1435 817 quietum
1455 772 1559 809 erat:

92 825 208 877 legati
232 826 537 865 circumstantes
568 825 703 864 sellam
736 825 928 871 orabant,
959 831 1001 863 ut
1032 837 1115 863 rem
1148 825 1186 863 in
1219 831 1425 876 posterum
1458 823 1561 862 diem

92 883 269 923 differret
293 890 332 923 et
353 884 434 924 irae
456 896 551 923 suae
574 883 745 936 spatium
771 889 807 921 et
830 882 998 921 consilio
1021 889 1180 934 tempus
1211 883 1345 920 daret:
1377 882 1470 920 satis
1497 893 1562 920 ca-

93 941 274 993 stigatam
307 941 617 981 adulescentiam
652 940 745 979 Fabi
779 954 885 987 esse,
917 941 1010 980 satis
1041 941 1301 979 deformatam
1336 939 1560 985 victoriam;

91 1012 143 1040 ne
165 1000 211 1039 ad
235 1005 455 1039 extremum
480 1000 601 1039 finem
623 999 807 1051 supplicii
832 999 1015 1038 tenderet
1039 1011 1116 1038 neu
1143 999 1261 1038 unico
1292 998 1445 1042 iuveni,
1481 1010 1558 1038 neu

90 1058 193 1111 patri
217 1057 315 1104 eius,
337 1057 557 1098 clarissimo
579 1058 677 1104 viro,
701 1069 778 1096 neu
799 1057 939 1096 Fabiae
958 1057 1066 1106 genti
1092 1069 1177 1095 eam
1197 1056 1424 1107 iniungeret
1444 1057 1560 1109 igno—

91 1116 268 1155 miniam.
316 1128 406 1155 cum
430 1128 570 1169 parum
594 1115 804 1168 precibus,
827 1127 967 1168 parum
992 1126 1106 1153 causa
1132 1116 1390 1166 proficerent,
1414 1114 1560 1154 intueri

91 1174 330 1213 saevientem
355 1174 587 1213 contionem
612 1172 826 1213 iubebant:
850 1173 900 1212 ita
925 1172 1095 1211 inritatis
1112 1172 1280 1212 militum
1299 1172 1442 1212 animis
1464 1173 1559 1212 sub-

91 1232 185 1271 dere
207 1232 341 1284 ignem
364 1244 409 1272 ac
431 1232 633 1271 materiam
657 1231 843 1270 seditioni
863 1244 948 1287 119¹!
974 1243 1060 1269 esse
1082 1231 1240 1277 aetatis,
1274 1244 1353 1270 non
1380 1232 1559 1284 pruden-

90 1290 167 1329 tiae
199 1291 305 1339 eius3
338 1289 539 1330 neminem
571 1289 608 1329 id
632 1289 680 1336 Q.
703 1288 825 1328 Fabio
856 1301 1027 1342 poenam
1060 1288 1289 1341 deprecanti
1320 1301 1430 1328 suam
1465 1289 1558 1328 vitio

85 1360 318 1394 versurum,
355 1347 422 1387 sed
460 1347 666 1394 dictatori,
688 1347 718 1386 si
758 1353 992 1386 occaecatus
1028 1347 1083 1386 ira
1122 1348 1303 1386 infestam
1336 1347 1559 1386 multitudi-

88 1418 180 1445 nem
212 1406 251 1446 in
284 1418 327 1445 se
358 1418 481 1459 pravo
504 1405 722 1445 certamine
745 1405 944 1444 movisset.

136 1534 190 1566 10.
217 1532 328 1573 ultro]
354 1530 501 1564 darfiber
528 1530 786 1573 hinausgebend

87 1582 154 1611 trat
181 1588 219 1610 er
245 1588 347 1621 sogar
371 1578 422 1610 als
447 1576 624 1620 Anklager
650 1576 724 1616 aus;
762 1588 787 1609 s.

89 1627 151 1661 10.
179 1625 232 1664 19,
261 1627 290 1658 1.
315 1642 363 1648 —
386 1624 552 1666 spolsam]
579 1625 624 1655 ist
650 1623 716 1655 wie
742 1623 786 1655 im

87 1670 273 1713 folgenden
302 1671 547 1703 lacerantibus
565 1669 733 1708 Conatns;
761 1680 786 1702 s.

87 1718 118 1757 2,
138 1719 193 1756 55,
220 1719 257 1756 53
287 1718 339 1757 10,
365 1718 397 1756 9,
424 1718 455 1750 4.
483 1735 526 1739 —
551 1715 706 1757 secures]
733 1714 787 1747 die

86 1763 119 1796 in
143 1761 204 1795 der
222 1762 322 1796 stadt
348 1773 411 1796 nur
435 1762 495 1794 der
511 1760 670 1794 Diktator
694 1764 735 1801 (s.
757 1762 788 1798 2.

89 1811 143 1849 18,
159 1810 202 1851 8),
222 1809 378 1851 dagegen
398 1809 442 1841 im
460 1807 582 1850 Kriege
601 1807 668 1841 alle
688 1806 787 1840 Feld-

87 1854 209 1889 berren
236 1855 393 1893 sslbrten3
420 1854 490 1897 vgl.
516 1853 615 1887 Mms.
635 1852 715 1887 StR.
740 1853 785 1893 1²,

87 1903 164 1936 363.
180 1921 224 1925 —
237 1901 418 1944 eoepedfrr']
444 1911 506 1933 aus
524 1900 589 1933 den
609 1900 669 1933 mit
688 1904 785 1933 roten

85 1946 242 1981 Randern
263 1947 346 1982 oder
364 1947 505 1980 Riemen
529 1945 784 1979 umwundeuen

84 1992 222 2027 Fasces.

135 2042 187 2075 11.
209 2041 372 2081 triarios]
386 2039 441 2072 die.
456 2038 621 2072 Soldaten
637 2038 782 2073 standen

84 2086 117 2119 in
153 2085 213 2119 der
238 2085 361 2119 Contio
396 2086 481 2119 nach
515 2085 690 2129 Manipeln
727 2095 785 2127 ge-

85 2132 218 2173 ordnet,
245 2133 300 2165 die
326 2132 386 2165 der
404 2131 554 2165 Triarier
581 2132 646 2164 wie
673 2132 704 2164 in
725 2131 785 2163 der

85 2178 249 2212 Schlacht
269 2188 357 2221 ganz
383 2178 519 2217 binten;
545 2178 614 2220 vgl.
632 2180 661 2217 1,
678 2179 731 2212 2‘3.
748 2179 785 2217 2;

85 2223 166 2258 Tac..
199 2226 289 2260 Ann.
323 2227 361 2267 1,
394 2226 448 2259 34.
473 2244 519 2249 --
544 2224 706 2265 ultr'ma]*
740 2243 785 2248 -—

84 2270 301 2305 tumultum.
317 2272 539 2311 ,miscente-s]
578 2269 674 2303 Lartn
715 2269 784 2303 und

84 2315 298 2360 Unordnung
322 2317 561 2356 veranlassen;
588 2316 658 2359 vgl.
679 2318 710 2357 2,
731 2318 784 2353 19.

133 2411 186 2443 12.
211 2411 399 2451 steterant]
419 2420 444 2443 s.
467 2411 497 2446 1.
515 2409 570 2449 25,
589 2409 625 2442 2:
653 2410 682 2440 1¹1⁴
695 2418 783 2451 pro-

83 2457 178 2488 :rv'mi
202 2457 411 2493 constitere:
440 2457 471 2493 7,
497 2456 552 2491 23.
579 2457 609 2489 7.

134 2513 186 2546 13.
211 2514 373 2545 extrema
395 2514 529 2553 contio]
550 2523 576 2545 s.
594 2511 676 2545 Tac.
695 2511 783 2545 Ann.

88 2560 118 2597 1,
132 2559 193 2592 35:
219 2561 381 2590 extrema
400 2562 434 2591 et
451 2558 666 2600 conglobata
690 2560 785 2589 inter·

1007 1412 1232 1457 postremo,
1265 1418 1315 1445 ne
1338 1405 1373 1445 id
1406 1418 1447 1444 se
1469 1417 1559 1457 gra—

860 1542 898 1563 se
925 1541 1017 1573 pars
1051 1533 1242 1565 contionis.
1270 1550 1311 1553 -—
1340 1533 1373 1562 et
1400 1533 1496 1563 cit-ca
1513 1532 1557 1570 ..]

860 1576 915 1609 die
933 1576 1095 1613 Triaria—r:
1121 1576 1313 1619 Erklarung
1331 1576 1391 1609 des
1412 1575 1558 1609 Vorher-

861 1622 1051 1665 gebenden.
1067 1623 1368 1665 —1'ncrepabam1
1381 1633 1406 1656 s.
1418 1624 1448 1659 2.
1462 1625 1513 1657 14.
1526 1625 1557 1657 8.

860 1688 903 1692 —
923 1669 1059 1712 procu!
1081 1669 1269 1710 seditione]
1297 1679 1321 1701 s.
1341 1679 1381 1702 zu
1403 1671 1433 1707 7,
1453 1670 1508 1708 37,
1526 1672 1556 1702 6.

910 1729 961 1760 14.
990 1726 1110 1768 legate]
1129 1736 1155 1760 s.
1175 1728 1229 1760 33.
1251 1729 1284 1763 1:
1304 1724 1374 1758 vol.
1394 1725 1424 1760 2.
1444 1726 1498 1758 59.
1518 1727 1557 1763 4:

861 1775 891 1808 5.
907 1774 937 1807 8.
960 1773 1017 1809 12:
1044 1773 1159 1806 Livius
1185 1773 1319 1806 scheint
1338 1781 1378 1805 an
1400 1771 1557 1813 standige

859 1818 1032 1860 Legaten,
1059 1820 1126 1851 wie
1151 1820 1185 1852 in
1214 1820 1370 1861 spaterer
1396 1817 1489 1856 Zeit,
1516 1827 1556 1849 zu

859 1865 1015 1903 denkem
1040 1876 1066 1898 s.
1087 1867 1140 1900 34.
1161 1868 1196 1901 7:
1225 1866 1347 1897 andei-s
1367 1866 1421 1899 35.
1443 1866 1497 1898 11.
1514 1882 1558 1886 —

857 1912 994 1952 sellam]
1029 1921 1056 1944 s.
1088 1912 1184 1945 Suet.
1218 1911 1323 1944 Galba
1354 1913 1410 1944 18:
1446 1920 1559 1952 neque

856 1958 990 1990 milltes
1015 1959 1233 1990 adlocuturo
1253 1960 1468 1991 castrensem
1494 1957 1555 1988 sel-

858 2005 929 2036 lam
963 2004 1006 2036 de
1030 2015 1130 2037 more
1160 2007 1317 2047 positam
1348 2015 1418 2047 pro
1444 2004 1558 2035 tribn-

856 2052 935 2082 nali
951 2052 1193 2088 (observatum
1211 2053 1283 2088 est).
1309 2070 1352 2074 —
1379 2053 1455 2082 irae
1471 2059 1558 2081 suae

855 2098 1026 2137 spatium]
1045 2107 1071 2130 s.
1089 2098 1119 2135 2,
1136 2098 1188 2132 56.
1207 2099 1259 2132 15.
1286 2115 1330 2120 —-
1356 2099 1556 2128 eoetremum

855 2143 977 2183 finem]
997 2142 1234 2179 pleonasmus,
1260 2153 1316 2175 um
1344 2142 1407 2176 den
1429 2140 1562 2177 Bezriff

856 2199 897 2222 zu
918 2191 1086 2231 steigerm
1113 2205 1158 2217 =
1177 2200 1252 2222 zum
1274 2190 1464 2222 {iussersten
1484 2187 1554 2219 Ziel

856 2235 889 2267 in
914 2235 974 2268 der
993 2236 1119 2274 Strafe,
1145 2236 1221 2268 eine
1241 2235 1365 2274 Strase,
1391 2234 1476 2266 siber
1501 2233 1556 2264 die

856 2280 979 2314 hinaus
1006 2291 1042 2314 es
1068 2281 1170 2314 keine
1196 2282 1302 2323 giebt.

907 2330 958 2362 16.
986 2326 1108 2371 cansa]
1135 2329 1240 2360 durch
1269 2327 1323 2359 die
1349 2324 1459 2358 Sache
1485 2323 1553 2357 und

856 2372 911 2406 die
930 2373 1126 2415 nartegung
1151 2372 1211 2405 der
1233 2371 1381 2404 Grunde.
1407 2389 1451 2396 —
1477 2373 1554 2403 ani—

856 2421 925 2451 mis
941 2419 1104 2458 subdere]
1124 2420 1192 2461 vgl.
1209 2419 1240 2453 3.
1257 2421 1310 2454 11.
1327 2420 1379 2452 10.
1395 2436 1435 2441 —
1466 2418 1556 2457 eius]

856 2475 883 2497 s.
910 2467 941 2499 4.
969 2466 1022 2500 16.
1049 2466 1079 2497 7.

906 2513 958 2544 17.
984 2512 1180 2543 certamine
1204 2511 1383 2550 movisset]
1410 2509 1479 2551 vgl.
1500 2510 1555 2549 29,

857 2559 896 2591 3:
924 2557 1072 2589 lascivia
1099 2581 1107 2590 .
1132 2581 1140 2589 .

1596 193 1634 226 10

1595 308 1631 341 11

1595 424 1633 456 19

1596 656 1633 688 13

1596 830 1631 862 Η

1595 889 1630 920 13

1594 1120 1631 1152 16

1592 1293 1628 1326 17

1591 1408 1629 1441 1⁴3
