1779 2828
622 87 750 121 LIBER
774 87 868 122 Vllll.
908 87 1002 122 CAP.
1030 89 1083 124 23.
1534 86 1589 126 53

119 106 147 128 a.
168 99 236 128 Chr.
258 107 288 129 n.
307 100 367 128 315.

119 205 407 246 Romanorum.
450 217 530 257 quo
553 217 643 244 cum
665 205 778 258 prior
799 204 1004 245 Romanus
1027 205 1226 244 exercitus
1247 204 1297 244 ad
1319 204 1590 245 ulciscendam

121 263 266 304 civium
288 275 430 303 necem
451 263 849 314 recuperandamque
868 262 1065 302 coloniam
1088 262 1242 314 magnis
1264 262 1476 303 itineribus
1497 276 1590 315 per·

122 322 295 362 venisset
314 327 350 361 et
370 320 497 372 sparsi
519 332 594 372 per
616 320 694 361 vias
715 320 990 373 speculatores
1012 320 1126 371 sequi
1148 320 1328 371 legiones
1351 320 1589 360 Samnitium

123 392 197 419 nec
217 379 294 419 iam
315 378 459 431 procul
480 376 618 418 abesse
649 378 714 418 alii
736 390 859 430 super
889 378 986 418 alios
1019 378 1275 424 nuntiarent,
1308 377 1461 417 obviam
1492 379 1592 418 itum

121 437 224 477 hosti
253 443 373 488 atque
410 436 458 476 ad
489 435 679 476 Lautulas
719 436 882 488 ancipiti
922 436 1077 488 proelio
1110 435 1338 475 dimicatum
1372 443 1443 475 est.
1506 449 1587 475 non

121 493 284 541 caedes,
318 507 399 533 non
423 494 517 545 suga
537 493 701 534 alterius
723 496 866 547 partis,
898 495 966 535 sed
1000 506 1080 533 nox
1112 494 1309 538 incertos,
1343 493 1434 533 victi
1466 494 1589 533 victo-

119 564 238 592 resne
268 558 424 601 essent,
467 551 637 592 diremit.
699 552 859 592 invenio
900 552 1004 604 apud
1043 551 1234 603 quosdam
1268 552 1472 591 adversam
1504 564 1590 591 eam

119 621 298 662 pugnam
320 609 511 650 Romanis
543 610 663 650 fuisse
696 616 814 662 atque
846 611 886 650 in
921 622 965 649 ea
998 610 1187 650 cecidisse
1210 609 1256 656 Q.
1279 609 1438 649 Aulium
1465 610 1589 661 magi-

120 673 248 708 strum
270 667 465 719 equitum.
497 667 689 708 suffectus
711 669 751 708 in
775 668 908 708 locum
932 668 1021 707 Auli
1041 668 1080 707 C.
1101 666 1246 707 Fabius
1268 667 1456 719 magister
1478 667 1591 719 equi-

121 733 206 766 tum
227 737 318 766 cum
341 725 517 765 exercitu
542 739 644 766 novo
668 726 715 765 ab
740 726 865 766 Roma
888 726 1044 766 advenit
1066 732 1104 765 et
1126 738 1199 778 per
1222 725 1460 777 praemissos
1483 738 1589 765 nun-

119 784 196 823 tios
217 783 401 824 consulto
425 783 637 831 dictatore,
671 784 739 824 ubi
762 784 997 824 subsisteret
1028 796 1155 835 quove
1179 790 1359 835 tempore
1383 790 1420 822 et
1442 796 1521 834 qua
1543 795 1590 822 ex

120 847 234 894 parte
254 841 410 882 hostem
433 841 740 893 adgrederetur,
774 842 952 882 substitit
978 841 1160 881 occultus
1182 842 1228 880 ad
1253 842 1385 880 omnia
1408 842 1500 881 satis
1523 854 1590 880 ex-

120 899 286 951 ploratis
318 899 507 939 consiliis.
567 900 736 939 dictator
768 912 860 939 cum
892 912 965 952 per
995 899 1145 951 aliquot
1177 899 1260 939 dies
1294 906 1383 951 post
1414 911 1590 951 pugnam

123 956 390 997 continuisset
429 969 524 997 suos
564 957 667 996 intra
701 958 842 997 vallum
876 957 1026 997 obsessi
1063 958 1187 1008 magis
1219 970 1336 1008 quam
1371 957 1591 997 obsidentis

120 1014 263 1062 modo,
295 1015 454 1066 signum
477 1022 644 1067 repente
669 1028 826 1067 pugnae
859 1016 1068 1068 proposuit
1091 1023 1150 1059 et,
1182 1015 1383 1054 ellicacius
1415 1023 1523 1055 ratus
1545 1015 1593 1054 ad

120 1072 401 1113 accendendos
441 1073 616 1112 virorum
658 1074 818 1119 fortium
860 1073 1034 1113 animos.
1078 1073 1226 1112 nullam
1266 1072 1358 1112 alibi
1399 1085 1517 1125 quam
1549 1073 1591 1112 in

120 1136 248 1170 semet
268 1130 356 1182 ipso
380 1131 569 1183 cuiquam
592 1131 770 1171 relictam
793 1143 926 1184 spem,
959 1131 1007 1170 de
1040 1131 1229 1182 magistro
1264 1130 1441 1182 equitum
1467 1143 1590 1170 novo-

121 1200 201 1240 que
223 1188 400 1229 exercitu
424 1188 589 1228 militem
612 1189 750 1228 celavit
773 1196 833 1236 et,
858 1196 1059 1240 tamquam
1085 1189 1191 1228 nulla
1217 1188 1290 1228 nisi
1315 1189 1353 1227 in
1379 1189 1592 1240 eruptione

121 1258 213 1298 spes
235 1252 351 1293 esset,
370 1240 504 1286 ‘locis'
531 1246 662 1298 inquit
679 1242 890 1300 ‘angustis
915 1247 1071 1287 milites.
1095 1246 1348 1298 deprehensi.
1374 1247 1448 1286 nisi
1472 1259 1590 1298 quam

121 1303 284 1343 victoria
306 1304 613 1356 patefecerimus
635 1304 749 1352 viam,
774 1305 920 1345 nullam
946 1304 1149 1344 habemus.
1182 1305 1319 1344 stativa
1344 1311 1479 1344 nostra
1505 1317 1591 1343 mu-

121 1361 301 1401 nimento
323 1361 418 1402 satis
439 1368 521 1402 tuta
543 1368 657 1409 sunt,
690 1363 759 1403 sed
782 1363 918 1415 inopia
950 1362 1087 1402 eadem
1111 1362 1275 1411 infesta;
1310 1375 1400 1402 nam
1424 1369 1461 1402 et
1484 1363 1589 1402 circa

121 1461 229 1506 Marq.
261 1461 378 1497 Sti.
408 1466 443 1506 1,
471 1465 526 1498 37.
561 1483 604 1488 —
635 1467 818 1507 pervenis-

120 1510 206 1550 set]*

168 1555 199 1589 3.
211 1555 373 1597 legiones
381 1554 616 1597 Samnitium]
632 1555 773 1589 Diodor:
786 1555 822 1589 οἱ

121 1601 190 1643 μὲν
207 1602 398 1644 Σαμνῖται
422 1600 565 1635 πάντας
584 1601 668 1636 τοίς
687 1605 726 1635 ἐν
746 1599 820 1643 ἧλι·

121 1650 185 1689 κίᾳ
209 1651 402 1691 στρατείας
427 1645 540 1681 ὄντας
558 1647 819 1693 καταγράψαν-

122 1703 179 1726 τες
198 1690 543 1738 ἐστρατοπέδευσαν
561 1692 720 1736 πλησίον
742 1695 821 1728 τῶν

123 1736 324 1780 πολεμίων.
356 1758 397 1762 -
433 1740 533 1772 haud
552 1741 706 1783 procul.
726 1743 746 1782 .]
778 1742 819 1774 da

124 1795 162 1819 es
186 1785 312 1819 vorlici·
337 1784 458 1819 heisst:
492 1796 561 1828 quo
587 1787 650 1827 (ad
674 1787 820 1828 Soram)

123 1841 204 1864 cum
219 1858 226 1866 .
244 1857 253 1866 .
267 1833 499 1874 pervenisset,
516 1841 556 1865 so
575 1832 723 1875 begreist
741 1843 819 1866 man

124 1878 238 1917 nicht,
272 1876 349 1911 dass
387 1877 485 1911 beide
511 1877 618 1912 Heere
654 1879 709 1913 bei
742 1878 820 1912 dem

123 1934 191 1957 von
219 1922 303 1957 Sora
329 1923 489 1957 ziemlich
516 1926 600 1958 weit
624 1925 820 1959 entsernten

122 1968 289 2004 Lautulae
299 1969 367 2004 und
384 1969 479 2004 nicht
489 1971 656 2005 vielmehr
671 1972 723 2005 bei
736 1971 821 2005 Sora

123 2015 465 2055 zusammentreffen;
525 2017 654 2051 ebenso
695 2019 820 2061 wenig,

124 2062 192 2095 wie
223 2062 279 2096 die
310 2061 489 2096 Samniten
522 2064 731 2107 ungeachtet
761 2064 820 2098 der

123 2107 330 2150 Niederlage
356 2108 411 2142 bei
437 2108 590 2143 Saticula
618 2110 670 2144 bis
696 2121 738 2144 an
765 2111 819 2144 die

124 2153 258 2188 Grenze
295 2154 449 2189 Latiums
480 2155 591 2190 haben
625 2156 818 2191 vorriicken

125 2199 276 2235 konnen.

172 2247 205 2280 4.
230 2245 421 2288 Lautulas]
443 2256 470 2280 s.
482 2257 524 2281 zu
540 2250 571 2289 ἵ,
586 2250 641 2289 39,
658 2251 695 2285 'm
715 2248 821 2282 daher

125 2291 147 2336 §
170 2293 208 2331 9;
241 2293 329 2326 locis
354 2296 529 2336 angustis.
570 2314 614 2318 —
657 2296 820 2335 alterius]

125 2340 186 2372 des
205 2338 305 2372 einen
324 2339 406 2372 oder
424 2339 485 2373 des
499 2340 660 2381 anderen,
675 2357 719 2369 =
734 2342 821 2373 alte—

125 2386 202 2417 rae'us
219 2386 357 2424 utrium
383 2395 410 2419 s.
429 2396 472 2419 zu
495 2389 522 2427 1,
540 2388 593 2426 13,
607 2388 638 2420 3.
664 2407 707 2411 -
735 2389 822 2420 victi

128 2432 324 2475 victoresne
340 2434 468 2473 essent]
495 2432 563 2476 vgl.
582 2434 639 2474 32,
654 2434 684 2467 3.
711 2436 765 2469 45.
781 2435 818 2471 3;

128 2477 160 2517 5,
174 2476 404 2564 gaibana]
422 2533 462 2557 so
476 2523 563 2557 auch
579 2524 666 2557 nach
681 2523 746 2557 den
760 2523 820 2556 ka-

128 2566 373 2611 pitolinischen
386 2569 511 2603 Fasten
528 2569 596 2603 und
612 2570 667 2603 bei
681 2568 819 2603 Diodor.

938 1466 969 1498 6.
997 1465 1193 1504 suffectus.
1214 1466 1235 1505 ,]
1256 1464 1332 1497 eine
1352 1464 1593 1498 solcheNach-

892 1511 981 1543 wahl
1013 1510 1095 1542 wit-d
1124 1520 1185 1543 nur
1212 1510 1266 1543 bei
1289 1510 1400 1543 dieser
1421 1510 1592 1554 Gelegen-

892 1557 963 1590 heit
989 1557 1158 1592 erwahnt.
1185 1557 1271 1589 auch
1300 1557 1332 1589 in
1360 1557 1425 1589 den
1447 1556 1588 1595 Fasten;

893 1602 962 1645 vgl.
981 1602 1080 1636 Mms.
1101 1602 1180 1637 Stss.
1199 1602 1335 1639 2².15§.
1363 1622 1404 1627 —
1427 1605 1591 1636 substitit

892 1650 1064 1690 occultas]
1082 1660 1108 1682 S.
1125 1651 1178 1691 25,
1196 1652 1212 1682 T
1227 1664 1233 1685 ;
1251 1650 1281 1685 2.
1297 1651 1393 1691 ll,'1:
1412 1650 1464 1686 22.
1484 1652 1535 1691 12,
1551 1652 1588 1688 ῖς

893 1697 948 1733 43,
978 1698 1027 1735 to,
1051 1699 1081 1729 2.
1106 1715 1152 1719 —
1175 1698 1301 1738 quove]
1325 1706 1351 1728 s.
1376 1706 1418 1728 zu
1444 1698 1471 1733 1,
1501 1699 1529 1734 1.
1551 1698 1588 1729 ‘iz

893 1742 1033 1784 quidve.
1061 1760 1103 1765 —
1131 1742 1178 1774 ad
1203 1744 1337 1781 omnia]
1363 1742 1486 1784 gehort
1512 1753 1590 1775 zum

892 1787 1109 1830 folgenden;
1137 1803 1181 1815 =
1203 1787 1371 1821 nachdem
1391 1799 1426 1821 er
1444 1788 1518 1822 sich
1538 1788 1591 1822 sur

891 1833 957 1866 alle
986 1833 1078 1866 Falle
1098 1860 1104 1866 .
1122 1860 1129 1867 .
1149 1834 1375 1867 unterriclitet
1402 1834 1506 1868 hatte.

939 1882 969 1913 Ἰ.
997 1882 1096 1912 intra
1124 1880 1270 1920 vallum]
1306 1881 1408 1913 naml.
1444 1881 1504 1914 des
1530 1881 1592 1914 La-

892 1935 981 1968 gers.
1011 1926 1162 1959 welches
1186 1936 1221 1959 er
1241 1926 1328 1959 nach
1346 1926 1406 1960 der
1425 1926 1590 1960 Schlacht

891 1972 926 2004 in
952 1971 1012 2006 der
1043 1972 1138 2005 Nahe
1171 1983 1238 2005 von
1274 1972 1438 2006 Lautulae
1471 1973 1591 2016 ausge-

892 2018 1055 2060 schlagen
1067 2019 1177 2056 hatte;
1194 2018 1327 2061 vgl.24‚
1350 2021 1376 2052 l.
1392 2039 1435 2043 —
1459 2021 1591 2052 obsessi

891 2068 1030 2107 magis.
1046 2067 1067 2105 .]
1096 2064 1165 2107 vgl.
1186 2067 1240 2105 25,
1263 2067 1392 2105 14,14;
1420 2076 1455 2098 er
1471 2065 1589 2099 wurde

893 2110 974 2144 eher
989 2110 1099 2144 selbst
1117 2111 1282 2154 belagert,
1298 2111 1348 2145 als
1363 2111 1438 2145 dass
1456 2122 1502 2151 er,
1523 2113 1590 2145 wie

893 2168 929 2190 er
949 2167 984 2190 es
1004 2157 1148 2200 gewollt
1167 2157 1272 2192 hatte.
1296 2156 1380 2191 Sora
1400 2157 1587 2200 belagerte.

941 2205 970 2237 S.
1005 2204 1095 2236 alibi
1126 2206 1245 2245 quam]
1282 2214 1308 2237 s.
1341 2206 1399 2243 10,
1433 2204 1494 2244 20,
1526 2206 1587 2241 16ς

894 2250 1019 2289 31],35,
1039 2253 1093 2287 tl;
1123 2250 1190 2292 vgl.
1218 2260 1259 2282 zu
1290 2252 1317 2288 l,
1342 2252 1396 2289 47,
1423 2251 1459 2282 3:
1489 2251 1587 2287 istim

894 2294 976 2328 Sall.
1003 2295 1074 2337 lug.
1101 2297 1155 2329 60.
1183 2306 1297 2337 neque
1322 2295 1417 2328 alius
1451 2298 1488 2327 ιἰι
1514 2296 1587 2328 alio

892 2344 1009 2383 magis
1037 2352 1144 2383 quam
1172 2344 1208 2372 in
1233 2352 1306 2373 sese
1330 2351 1425 2384 spem
1446 2342 1587 2374 habere.

891 2406 936 2411 -—-
979 2387 1020 2419 cle
1040 2411 1071 2419 ..
1099 2387 1241 2426 celat-ic]
1275 2387 1405 2420 ebenso
1445 2386 1512 2420 Cic.
1545 2386 1589 2420 ad

892 2432 972 2465 fam.
1001 2435 1031 2471 ἵ,
1061 2434 1114 2473 20,
1140 2433 1159 2465 3
1188 2443 1219 2465 u.
1246 2442 1275 2465 a.

943 2481 992 2512 to.
1032 2479 1211 2519 eadem..]
1241 2478 1400 2520 zugleich
1426 2477 1532 2512 durch
1551 2505 1558 2512 .
1579 2505 1587 2512 .

892 2524 1087 2566 getam-deu
1123 2524 1178 2557 die
1210 2523 1336 2558 Romen·
1370 2524 1482 2558 haben
1515 2525 1588 2558 sich

892 2580 934 2603 au
961 2571 1072 2603 einem
1099 2569 1152 2603 fiir
1178 2570 1229 2604 sie
1256 2571 1487 2614 ungunstigen
1507 2570 1588 2604 Orte

1622 328 1641 360 3

1622 388 1642 418 4

1623 1020 1642 1053 S

1623 1194 1643 1227 9

1624 1310 1660 1342 10
