<?xml version="1.0" encoding="UTF-8"?>
<!DOCTYPE html PUBLIC "-//W3C//DTD XHTML 1.0 Transitional//EN"
    "http://www.w3.org/TR/xhtml1/DTD/xhtml1-transitional.dtd">
<html xmlns="http://www.w3.org/1999/xhtml" xml:lang="en" lang="en">
 <head>
  <title>
</title>
<meta http-equiv="Content-Type" content="text/html;charset=utf-8" />
  <meta name='ocr-system' content='tesseract 3.04.00' />
  <meta name='ocr-capabilities' content='ocr_page ocr_carea ocr_par ocr_line ocrx_word'/>
</head>
<body>
  <div class='ocr_page' id='page_1' title='image "./aburbeconditali03livyuoft_0354.png"; bbox 0 0 1731 2796; ppageno 0'>
   <div class='ocr_carea' id='block_1_1' title="bbox 80 78 1600 1214">
    <p class='ocr_par' dir='ltr' id='par_1_1' title="bbox 80 78 1600 1214">
     <span class='ocr_line' id='line_1_1' title="bbox 146 78 1587 120; baseline -0.001 -6"><span class='ocrx_word' id='word_1_1' title='bbox 146 83 198 120; x_wconf 85' lang='lat'>40</span> <span class='ocrx_word' id='word_1_2' title='bbox 588 79 712 113; x_wconf 85' lang='lat' dir='ltr'>LIBER</span> <span class='ocrx_word' id='word_1_3' title='bbox 737 79 831 114; x_wconf 93' lang='lat' dir='ltr'>Vllll.</span> <span class='ocrx_word' id='word_1_4' title='bbox 869 78 962 113; x_wconf 76' lang='lat' dir='ltr'>GAP.</span> <span class='ocrx_word' id='word_1_5' title='bbox 991 81 1043 114; x_wconf 81' lang='lat'>17.</span> <span class='ocrx_word' id='word_1_6' title='bbox 1072 80 1122 113; x_wconf 76' lang='grc'>18.</span> <span class='ocrx_word' id='word_1_7' title='bbox 1388 99 1413 118; x_wconf 63' lang='lat' dir='ltr'>a,</span> <span class='ocrx_word' id='word_1_8' title='bbox 1435 97 1464 117; x_wconf 81' lang='lat' dir='ltr'>u,</span> <span class='ocrx_word' id='word_1_9' title='bbox 1486 88 1587 117; x_wconf 48' lang='lat'>2435.</span> 
     </span>
     <span class='ocr_line' id='line_1_2' title="bbox 80 193 1593 247; baseline -0.003 -10"><span class='ocrx_word' id='word_1_10' title='bbox 80 205 113 238; x_wconf 79' lang='lat'>15</span> <span class='ocrx_word' id='word_1_11' title='bbox 145 197 313 237; x_wconf 88' lang='lat' dir='ltr'>Romani</span> <span class='ocrx_word' id='word_1_12' title='bbox 345 202 505 236; x_wconf 87' lang='lat' dir='ltr'>senatus</span> <span class='ocrx_word' id='word_1_13' title='bbox 537 195 659 247; x_wconf 80' lang='lat' dir='ltr'>cepit!</span> <span class='ocrx_word' id='word_1_14' title='bbox 711 195 746 234; x_wconf 90' lang='lat' dir='ltr'>id</span> <span class='ocrx_word' id='word_1_15' title='bbox 779 207 871 234; x_wconf 78' lang='lat' dir='ltr'>vero</span> <span class='ocrx_word' id='word_1_16' title='bbox 903 200 987 234; x_wconf 87' lang='lat' dir='ltr'>erat</span> <span class='ocrx_word' id='word_1_17' title='bbox 1024 194 1266 247; x_wconf 89' lang='lat' dir='ltr'>periculum,</span> <span class='ocrx_word' id='word_1_18' title='bbox 1308 206 1359 233; x_wconf 92' lang='lat' dir='ltr'>ne</span> <span class='ocrx_word' id='word_1_19' title='bbox 1395 193 1593 233; x_wconf 80' lang='lat' dir='ltr'>sollertius</span> 
     </span>
     <span class='ocr_line' id='line_1_3' title="bbox 149 251 1593 306; baseline -0.003 -12"><span class='ocrx_word' id='word_1_20' title='bbox 149 267 264 306; x_wconf 87' lang='lat' dir='ltr'>quam</span> <span class='ocrx_word' id='word_1_21' title='bbox 287 253 451 305; x_wconf 84' lang='lat' dir='ltr'>quilibet</span> <span class='ocrx_word' id='word_1_22' title='bbox 472 265 577 292; x_wconf 90' lang='lat' dir='ltr'>unus</span> <span class='ocrx_word' id='word_1_23' title='bbox 598 264 642 291; x_wconf 88' lang='lat' dir='ltr'>ex</span> <span class='ocrx_word' id='word_1_24' title='bbox 666 252 724 299; x_wconf 88' lang='lat' dir='ltr'>iis,</span> <span class='ocrx_word' id='word_1_25' title='bbox 749 264 848 303; x_wconf 85' lang='lat' dir='ltr'>quos</span> <span class='ocrx_word' id='word_1_26' title='bbox 870 251 1088 300; x_wconf 78' lang='lat' dir='ltr'>nominavi,</span> <span class='ocrx_word' id='word_1_27' title='bbox 1110 251 1248 291; x_wconf 89' lang='lat' dir='ltr'>castris</span> <span class='ocrx_word' id='word_1_28' title='bbox 1269 251 1401 290; x_wconf 91' lang='lat' dir='ltr'>locum</span> <span class='ocrx_word' id='word_1_29' title='bbox 1422 257 1593 303; x_wconf 88' lang='lat' dir='ltr'>caperet,</span> 
     </span>
     <span class='ocr_line' id='line_1_4' title="bbox 149 308 1592 361; baseline -0.003 -10"><span class='ocrx_word' id='word_1_30' title='bbox 149 317 390 351; x_wconf 80' lang='lat' dir='ltr'><strong>commeatus</strong></span> <span class='ocrx_word' id='word_1_31' title='bbox 421 309 644 361; x_wconf 79' lang='lat' dir='ltr'>expediret,</span> <span class='ocrx_word' id='word_1_32' title='bbox 681 308 728 347; x_wconf 92' lang='lat' dir='ltr'>ab</span> <span class='ocrx_word' id='word_1_33' title='bbox 760 309 910 349; x_wconf 84' lang='lat' dir='ltr'>insidiis</span> <span class='ocrx_word' id='word_1_34' title='bbox 942 314 1213 360; x_wconf 80' lang='lat' dir='ltr'>praecaveret,</span> <span class='ocrx_word' id='word_1_35' title='bbox 1246 314 1403 360; x_wconf 88' lang='lat' dir='ltr'>tempus</span> <span class='ocrx_word' id='word_1_36' title='bbox 1433 319 1592 360; x_wconf 82' lang='lat' dir='ltr'>pugnae</span> 
     </span>
     <span class='ocr_line' id='line_1_5' title="bbox 83 365 1592 419; baseline -0.003 -11"><span class='ocrx_word' id='word_1_37' title='bbox 83 375 120 407; x_wconf 86' lang='grc'>16</span> <span class='ocrx_word' id='word_1_38' title='bbox 149 368 357 419; x_wconf 73' lang='lat' dir='ltr'>deligeret,</span> <span class='ocrx_word' id='word_1_39' title='bbox 389 367 510 406; x_wconf 82' lang='lat' dir='ltr'>aciem</span> <span class='ocrx_word' id='word_1_40' title='bbox 534 367 770 413; x_wconf 87' lang='lat' dir='ltr'>instrueret,</span> <span class='ocrx_word' id='word_1_41' title='bbox 801 365 984 405; x_wconf 88' lang='lat' dir='ltr'>subsidiis</span> <span class='ocrx_word' id='word_1_42' title='bbox 1012 365 1205 404; x_wconf 76' lang='lat' dir='ltr'>firmaret!</span> <span class='ocrx_word' id='word_1_43' title='bbox 1250 378 1331 404; x_wconf 89' lang='lat' dir='ltr'>non</span> <span class='ocrx_word' id='word_1_44' title='bbox 1355 377 1444 404; x_wconf 91' lang='lat' dir='ltr'>cum</span> <span class='ocrx_word' id='word_1_45' title='bbox 1467 365 1592 404; x_wconf 89' lang='lat' dir='ltr'>Dareo</span> 
     </span>
     <span class='ocr_line' id='line_1_6' title="bbox 149 421 1593 474; baseline -0.003 -9"><span class='ocrx_word' id='word_1_46' title='bbox 149 438 232 465; x_wconf 86' lang='lat' dir='ltr'>rem</span> <span class='ocrx_word' id='word_1_47' title='bbox 256 437 340 464; x_wconf 88' lang='lat' dir='ltr'>esse</span> <span class='ocrx_word' id='word_1_48' title='bbox 362 424 540 470; x_wconf 76' lang='lat' dir='ltr'>dixisset,</span> <span class='ocrx_word' id='word_1_49' title='bbox 570 435 686 474; x_wconf 88' lang='lat' dir='ltr'>quem</span> <span class='ocrx_word' id='word_1_50' title='bbox 720 423 930 462; x_wconf 84' lang='lat' dir='ltr'>mulierum</span> <span class='ocrx_word' id='word_1_51' title='bbox 961 435 1006 461; x_wconf 89' lang='lat' dir='ltr'>ac</span> <span class='ocrx_word' id='word_1_52' title='bbox 1027 423 1247 474; x_wconf 84' lang='lat' dir='ltr'>spadonum</span> <span class='ocrx_word' id='word_1_53' title='bbox 1269 434 1408 473; x_wconf 86' lang='lat' dir='ltr'>agmen</span> <span class='ocrx_word' id='word_1_54' title='bbox 1433 421 1593 460; x_wconf 88' lang='lat' dir='ltr'>trahen-</span> 
     </span>
     <span class='ocr_line' id='line_1_7' title="bbox 150 479 1594 533; baseline -0.003 -11"><span class='ocrx_word' id='word_1_55' title='bbox 150 490 226 522; x_wconf 85' lang='lat' dir='ltr'>tem</span> <span class='ocrx_word' id='word_1_56' title='bbox 241 512 250 527; x_wconf 95' lang='lat'>,</span> <span class='ocrx_word' id='word_1_57' title='bbox 282 482 387 520; x_wconf 88' lang='lat' dir='ltr'>inter</span> <span class='ocrx_word' id='word_1_58' title='bbox 409 492 623 533; x_wconf 80' lang='lat' dir='ltr'>purpuram</span> <span class='ocrx_word' id='word_1_59' title='bbox 656 486 773 531; x_wconf 86' lang='lat' dir='ltr'>atque</span> <span class='ocrx_word' id='word_1_60' title='bbox 800 491 939 519; x_wconf 89' lang='lat' dir='ltr'>aurum</span> <span class='ocrx_word' id='word_1_61' title='bbox 954 510 962 526; x_wconf 93' lang='lat'>,</span> <span class='ocrx_word' id='word_1_62' title='bbox 995 485 1201 518; x_wconf 81' lang='lat' dir='ltr'>oneratum</span> <span class='ocrx_word' id='word_1_63' title='bbox 1224 479 1407 518; x_wconf 87' lang='lat' dir='ltr'>fortunae</span> <span class='ocrx_word' id='word_1_64' title='bbox 1428 490 1594 530; x_wconf 84' lang='lat' dir='ltr'>appara-</span> 
     </span>
     <span class='ocr_line' id='line_1_8' title="bbox 149 535 1594 589; baseline -0.003 -11"><span class='ocrx_word' id='word_1_65' title='bbox 149 539 256 578; x_wconf 83' lang='lat' dir='ltr'>tibus</span> <span class='ocrx_word' id='word_1_66' title='bbox 275 551 388 585; x_wconf 86' lang='lat' dir='ltr'>suae,</span> <span class='ocrx_word' id='word_1_67' title='bbox 411 538 594 589; x_wconf 86' lang='lat' dir='ltr'>praedam</span> <span class='ocrx_word' id='word_1_68' title='bbox 616 537 746 576; x_wconf 85' lang='lat' dir='ltr'>verius</span> <span class='ocrx_word' id='word_1_69' title='bbox 769 548 884 587; x_wconf 87' lang='lat' dir='ltr'>quam</span> <span class='ocrx_word' id='word_1_70' title='bbox 908 537 1083 583; x_wconf 88' lang='lat' dir='ltr'>hostem,</span> <span class='ocrx_word' id='word_1_71' title='bbox 1109 536 1205 575; x_wconf 89' lang='lat' dir='ltr'>nihil</span> <span class='ocrx_word' id='word_1_72' title='bbox 1226 536 1329 575; x_wconf 90' lang='lat' dir='ltr'>aliud</span> <span class='ocrx_word' id='word_1_73' title='bbox 1352 547 1469 587; x_wconf 82' lang='lat' dir='ltr'>quam</span> <span class='ocrx_word' id='word_1_74' title='bbox 1492 535 1594 574; x_wconf 90' lang='lat' dir='ltr'>bene</span> 
     </span>
     <span class='ocr_line' id='line_1_9' title="bbox 83 591 1594 644; baseline -0.002 -10"><span class='ocrx_word' id='word_1_75' title='bbox 83 602 118 634; x_wconf 81' lang='lat'>17</span> <span class='ocrx_word' id='word_1_76' title='bbox 149 608 268 636; x_wconf 87' lang='lat' dir='ltr'>ausus</span> <span class='ocrx_word' id='word_1_77' title='bbox 300 607 395 634; x_wconf 81' lang='lat' dir='ltr'>vana</span> <span class='ocrx_word' id='word_1_78' title='bbox 428 600 706 641; x_wconf 79' lang='lat' dir='ltr'>contemnere,</span> <span class='ocrx_word' id='word_1_79' title='bbox 737 593 972 632; x_wconf 89' lang='lat' dir='ltr'>incruentus</span> <span class='ocrx_word' id='word_1_80' title='bbox 1003 593 1154 632; x_wconf 88' lang='lat' dir='ltr'>devicit.</span> <span class='ocrx_word' id='word_1_81' title='bbox 1195 592 1314 644; x_wconf 88' lang='lat' dir='ltr'>longe</span> <span class='ocrx_word' id='word_1_82' title='bbox 1343 592 1441 632; x_wconf 89' lang='lat' dir='ltr'>alius</span> <span class='ocrx_word' id='word_1_83' title='bbox 1462 591 1594 631; x_wconf 87' lang='lat' dir='ltr'>Italiae</span> 
     </span>
     <span class='ocr_line' id='line_1_10' title="bbox 152 649 1595 704; baseline -0.002 -13"><span class='ocrx_word' id='word_1_84' title='bbox 152 665 267 704; x_wconf 86' lang='lat' dir='ltr'>quam</span> <span class='ocrx_word' id='word_1_85' title='bbox 291 652 443 697; x_wconf 81' lang='lat' dir='ltr'>Indiae,</span> <span class='ocrx_word' id='word_1_86' title='bbox 476 663 548 703; x_wconf 90' lang='lat' dir='ltr'>per</span> <span class='ocrx_word' id='word_1_87' title='bbox 569 662 684 701; x_wconf 89' lang='lat' dir='ltr'>quam</span> <span class='ocrx_word' id='word_1_88' title='bbox 708 650 926 689; x_wconf 87' lang='lat' dir='ltr'>temulento</span> <span class='ocrx_word' id='word_1_89' title='bbox 958 650 1113 700; x_wconf 83' lang='lat' dir='ltr'>agmine</span> <span class='ocrx_word' id='word_1_90' title='bbox 1135 649 1443 688; x_wconf 88' lang='lat' dir='ltr'>comisabundus</span> <span class='ocrx_word' id='word_1_91' title='bbox 1464 649 1595 688; x_wconf 86' lang='lat' dir='ltr'>inces-</span> 
     </span>
     <span class='ocr_line' id='line_1_11' title="bbox 150 705 1596 758; baseline -0.003 -9"><span class='ocrx_word' id='word_1_92' title='bbox 150 711 212 757; x_wconf 82' lang='lat' dir='ltr'>sit,</span> <span class='ocrx_word' id='word_1_93' title='bbox 234 709 339 748; x_wconf 78' lang='lat' dir='ltr'>visus</span> <span class='ocrx_word' id='word_1_94' title='bbox 360 708 413 747; x_wconf 94' lang='lat' dir='ltr'>illi</span> <span class='ocrx_word' id='word_1_95' title='bbox 435 707 591 746; x_wconf 86' lang='lat' dir='ltr'>babitus</span> <span class='ocrx_word' id='word_1_96' title='bbox 614 713 726 754; x_wconf 80' lang='lat' dir='ltr'>esset,</span> <span class='ocrx_word' id='word_1_97' title='bbox 749 707 869 746; x_wconf 88' lang='lat' dir='ltr'>saltus</span> <span class='ocrx_word' id='word_1_98' title='bbox 880 706 1042 758; x_wconf 86' lang='lat' dir='ltr'>Apuliae</span> <span class='ocrx_word' id='word_1_99' title='bbox 1063 718 1107 745; x_wconf 88' lang='lat' dir='ltr'>ac</span> <span class='ocrx_word' id='word_1_100' title='bbox 1128 712 1286 745; x_wconf 90' lang='lat' dir='ltr'>montes</span> <span class='ocrx_word' id='word_1_101' title='bbox 1307 705 1489 746; x_wconf 89' lang='lat' dir='ltr'>Lucanos</span> <span class='ocrx_word' id='word_1_102' title='bbox 1511 718 1596 745; x_wconf 88' lang='lat' dir='ltr'>cer-</span> 
     </span>
     <span class='ocr_line' id='line_1_12' title="bbox 152 762 1596 816; baseline -0.003 -11"><span class='ocrx_word' id='word_1_103' title='bbox 152 766 262 805; x_wconf 86' lang='lat' dir='ltr'>nenti</span> <span class='ocrx_word' id='word_1_104' title='bbox 295 772 331 804; x_wconf 91' lang='lat' dir='ltr'>et</span> <span class='ocrx_word' id='word_1_105' title='bbox 364 764 523 816; x_wconf 87' lang='lat' dir='ltr'>vestigia</span> <span class='ocrx_word' id='word_1_106' title='bbox 554 764 728 803; x_wconf 86' lang='lat' dir='ltr'>recentia</span> <span class='ocrx_word' id='word_1_107' title='bbox 751 764 988 803; x_wconf 86' lang='lat' dir='ltr'>domesticae</span> <span class='ocrx_word' id='word_1_108' title='bbox 1011 763 1151 810; x_wconf 90' lang='lat' dir='ltr'>cladis,</span> <span class='ocrx_word' id='word_1_109' title='bbox 1183 762 1251 802; x_wconf 93' lang='lat' dir='ltr'>ubi</span> <span class='ocrx_word' id='word_1_110' title='bbox 1273 763 1490 802; x_wconf 89' lang='lat' dir='ltr'>avunculus</span> <span class='ocrx_word' id='word_1_111' title='bbox 1513 763 1596 802; x_wconf 91' lang='lat' dir='ltr'>eius</span> 
     </span>
     <span class='ocr_line' id='line_1_13' title="bbox 83 819 1597 874; baseline -0.001 -14"><span class='ocrx_word' id='word_1_112' title='bbox 83 825 129 860; x_wconf 76' lang='lat'>18</span> <span class='ocrx_word' id='word_1_113' title='bbox 153 835 301 874; x_wconf 88' lang='lat' dir='ltr'>nuper,</span> <span class='ocrx_word' id='word_1_114' title='bbox 335 822 443 873; x_wconf 87' lang='lat' dir='ltr'>Epiri</span> <span class='ocrx_word' id='word_1_115' title='bbox 474 834 541 860; x_wconf 82' lang='lat' dir='ltr'>rex</span> <span class='ocrx_word' id='word_1_116' title='bbox 565 821 809 868; x_wconf 83' lang='lat' dir='ltr'>Alexander,</span> <span class='ocrx_word' id='word_1_117' title='bbox 840 820 1072 871; x_wconf 88' lang='lat' dir='ltr'>absumptus</span> <span class='ocrx_word' id='word_1_118' title='bbox 1094 826 1189 858; x_wconf 81' lang='lat' dir='ltr'>erat.</span> <span class='ocrx_word' id='word_1_119' title='bbox 1251 825 1291 858; x_wconf 90' lang='lat' dir='ltr'>et</span> <span class='ocrx_word' id='word_1_120' title='bbox 1319 819 1519 870; x_wconf 89' lang='lat' dir='ltr'>loquimur</span> <span class='ocrx_word' id='word_1_121' title='bbox 1549 819 1597 858; x_wconf 91' lang='lat' dir='ltr'>de</span> 
     </span>
     <span class='ocr_line' id='line_1_14' title="bbox 151 876 1596 928; baseline -0.003 -9"><span class='ocrx_word' id='word_1_122' title='bbox 151 879 373 919; x_wconf 84' lang='lat' dir='ltr'>Alexandro</span> <span class='ocrx_word' id='word_1_123' title='bbox 396 878 573 917; x_wconf 88' lang='lat' dir='ltr'>nondum</span> <span class='ocrx_word' id='word_1_124' title='bbox 596 890 727 917; x_wconf 86' lang='lat' dir='ltr'>merso</span> <span class='ocrx_word' id='word_1_125' title='bbox 748 878 932 917; x_wconf 87' lang='lat' dir='ltr'>secundis</span> <span class='ocrx_word' id='word_1_126' title='bbox 953 877 1093 923; x_wconf 90' lang='lat' dir='ltr'>rebus,</span> <span class='ocrx_word' id='word_1_127' title='bbox 1125 888 1292 928; x_wconf 85' lang='lat' dir='ltr'>quarum</span> <span class='ocrx_word' id='word_1_128' title='bbox 1315 888 1432 916; x_wconf 90' lang='lat' dir='ltr'>nemo</span> <span class='ocrx_word' id='word_1_129' title='bbox 1454 876 1596 916; x_wconf 89' lang='lat' dir='ltr'>intole-</span> 
     </span>
     <span class='ocr_line' id='line_1_15' title="bbox 103 933 1598 986; baseline -0.001 -14"><span class='ocrx_word' id='word_1_130' title='bbox 103 941 120 972; x_wconf 80' lang='lat'><strong>2</strong></span> <span class='ocrx_word' id='word_1_131' title='bbox 150 937 302 976; x_wconf 89' lang='lat' dir='ltr'>rantior</span> <span class='ocrx_word' id='word_1_132' title='bbox 332 936 416 974; x_wconf 86' lang='lat' dir='ltr'>suit.</span> <span class='ocrx_word' id='word_1_133' title='bbox 473 936 539 986; x_wconf 84' lang='lat' dir='ltr'>qui</span> <span class='ocrx_word' id='word_1_134' title='bbox 572 935 602 974; x_wconf 89' lang='lat' dir='ltr'>si</span> <span class='ocrx_word' id='word_1_135' title='bbox 635 948 681 973; x_wconf 80' lang='lat' dir='ltr'>ex</span> <span class='ocrx_word' id='word_1_136' title='bbox 713 934 849 973; x_wconf 86' lang='lat' dir='ltr'>habitu</span> <span class='ocrx_word' id='word_1_137' title='bbox 882 946 1004 973; x_wconf 84' lang='lat' dir='ltr'>novae</span> <span class='ocrx_word' id='word_1_138' title='bbox 1035 934 1218 972; x_wconf 84' lang='lat' dir='ltr'>fortunae</span> <span class='ocrx_word' id='word_1_139' title='bbox 1250 933 1441 984; x_wconf 85' lang='lat' dir='ltr'>novique,</span> <span class='ocrx_word' id='word_1_140' title='bbox 1473 939 1518 972; x_wconf 84' lang='lat' dir='ltr'>ut</span> <span class='ocrx_word' id='word_1_141' title='bbox 1545 933 1598 972; x_wconf 86' lang='lat' dir='ltr'>ita</span> 
     </span>
     <span class='ocr_line' id='line_1_16' title="bbox 104 990 1599 1043; baseline -0.001 -13"><span class='ocrx_word' id='word_1_142' title='bbox 104 998 121 1027; x_wconf 65' lang='lat'>5⁴,</span> <span class='ocrx_word' id='word_1_143' title='bbox 152 994 291 1040; x_wconf 88' lang='lat' dir='ltr'>dicam,</span> <span class='ocrx_word' id='word_1_144' title='bbox 314 993 475 1043; x_wconf 88' lang='lat' dir='ltr'>ingenii,</span> <span class='ocrx_word' id='word_1_145' title='bbox 499 993 602 1043; x_wconf 82' lang='lat' dir='ltr'>quod</span> <span class='ocrx_word' id='word_1_146' title='bbox 626 992 698 1031; x_wconf 85' lang='lat' dir='ltr'>sibi</span> <span class='ocrx_word' id='word_1_147' title='bbox 719 991 844 1030; x_wconf 82' lang='lat' dir='ltr'>victor</span> <span class='ocrx_word' id='word_1_148' title='bbox 865 991 1069 1038; x_wconf 88' lang='lat' dir='ltr'>induerat,</span> <span class='ocrx_word' id='word_1_149' title='bbox 1091 996 1305 1042; x_wconf 89' lang='lat' dir='ltr'>spectetur,</span> <span class='ocrx_word' id='word_1_150' title='bbox 1327 990 1454 1030; x_wconf 90' lang='lat' dir='ltr'>Dareo</span> <span class='ocrx_word' id='word_1_151' title='bbox 1475 990 1599 1042; x_wconf 86' lang='lat' dir='ltr'>magis</span> 
     </span>
     <span class='ocr_line' id='line_1_17' title="bbox 153 1047 1597 1101; baseline -0.003 -11"><span class='ocrx_word' id='word_1_152' title='bbox 153 1051 289 1090; x_wconf 86' lang='lat' dir='ltr'>similis</span> <span class='ocrx_word' id='word_1_153' title='bbox 320 1062 436 1101; x_wconf 88' lang='lat' dir='ltr'>quam</span> <span class='ocrx_word' id='word_1_154' title='bbox 458 1049 678 1088; x_wconf 76' lang='lat' dir='ltr'>Alexandro</span> <span class='ocrx_word' id='word_1_155' title='bbox 711 1048 750 1087; x_wconf 93' lang='lat' dir='ltr'>in</span> <span class='ocrx_word' id='word_1_156' title='bbox 781 1048 929 1087; x_wconf 88' lang='lat' dir='ltr'>ltaliam</span> <span class='ocrx_word' id='word_1_157' title='bbox 960 1048 1131 1087; x_wconf 76' lang='lat' dir='ltr'>venisset</span> <span class='ocrx_word' id='word_1_158' title='bbox 1160 1054 1199 1086; x_wconf 86' lang='lat' dir='ltr'>et</span> <span class='ocrx_word' id='word_1_159' title='bbox 1230 1048 1445 1087; x_wconf 82' lang='lat' dir='ltr'>exercitum</span> <span class='ocrx_word' id='word_1_160' title='bbox 1468 1047 1597 1086; x_wconf 89' lang='lat' dir='ltr'>Mace-</span> 
     </span>
     <span class='ocr_line' id='line_1_18' title="bbox 153 1103 1598 1157; baseline -0.002 -11"><span class='ocrx_word' id='word_1_161' title='bbox 153 1108 293 1146; x_wconf 89' lang='lat' dir='ltr'>doniae</span> <span class='ocrx_word' id='word_1_162' title='bbox 325 1106 489 1146; x_wconf 87' lang='lat' dir='ltr'>oblitum</span> <span class='ocrx_word' id='word_1_163' title='bbox 513 1106 900 1157; x_wconf 85' lang='lat' dir='ltr'>degenerantemque</span> <span class='ocrx_word' id='word_1_164' title='bbox 922 1105 996 1144; x_wconf 91' lang='lat' dir='ltr'>iam</span> <span class='ocrx_word' id='word_1_165' title='bbox 1029 1105 1069 1144; x_wconf 91' lang='lat' dir='ltr'>in</span> <span class='ocrx_word' id='word_1_166' title='bbox 1094 1104 1301 1144; x_wconf 87' lang='lat' dir='ltr'>Persarum</span> <span class='ocrx_word' id='word_1_167' title='bbox 1325 1116 1456 1144; x_wconf 90' lang='lat' dir='ltr'>mores</span> <span class='ocrx_word' id='word_1_168' title='bbox 1477 1103 1598 1144; x_wconf 86' lang='lat' dir='ltr'>addu-</span> 
     </span>
     <span class='ocr_line' id='line_1_19' title="bbox 102 1160 1600 1214; baseline -0.001 -13"><span class='ocrx_word' id='word_1_169' title='bbox 102 1169 121 1201; x_wconf 86' lang='lat'>4</span> <span class='ocrx_word' id='word_1_170' title='bbox 150 1165 282 1203; x_wconf 78' lang='lat' dir='ltr'>xisset.</span> <span class='ocrx_word' id='word_1_171' title='bbox 326 1164 475 1202; x_wconf 83' lang='lat' dir='ltr'>referre</span> <span class='ocrx_word' id='word_1_172' title='bbox 508 1163 546 1201; x_wconf 91' lang='lat' dir='ltr'>in</span> <span class='ocrx_word' id='word_1_173' title='bbox 580 1168 689 1201; x_wconf 86' lang='lat' dir='ltr'>tanto</span> <span class='ocrx_word' id='word_1_174' title='bbox 721 1174 814 1213; x_wconf 90' lang='lat' dir='ltr'>rege</span> <span class='ocrx_word' id='word_1_175' title='bbox 837 1162 945 1213; x_wconf 88' lang='lat' dir='ltr'>piget</span> <span class='ocrx_word' id='word_1_176' title='bbox 964 1161 1175 1214; x_wconf 87' lang='lat' dir='ltr'>superbam</span> <span class='ocrx_word' id='word_1_177' title='bbox 1203 1161 1462 1201; x_wconf 88' lang='lat' dir='ltr'>mutationem</span> <span class='ocrx_word' id='word_1_178' title='bbox 1483 1160 1600 1201; x_wconf 83' lang='lat' dir='ltr'>vestis</span> 
     </span>
    </p>
   </div>
   <div class='ocr_carea' id='block_1_2' title="bbox 204 1295 840 1337">
    <p class='ocr_par' dir='ltr' id='par_1_2' title="bbox 204 1295 840 1337">
     <span class='ocr_line' id='line_1_20' title="bbox 204 1295 840 1337; baseline -0.006 -6"><span class='ocrx_word' id='word_1_179' title='bbox 204 1299 255 1331; x_wconf 84' lang='lat'>15.</span> <span class='ocrx_word' id='word_1_180' title='bbox 284 1297 321 1329; x_wconf 67' lang='lat' dir='ltr'>iil</span> <span class='ocrx_word' id='word_1_181' title='bbox 346 1308 427 1328; x_wconf 72' lang='lat' dir='ltr'>vero</span> <span class='ocrx_word' id='word_1_182' title='bbox 443 1324 448 1330; x_wconf 96' lang='lat'>.</span> <span class='ocrx_word' id='word_1_183' title='bbox 465 1299 485 1337; x_wconf 94' lang='lat'>.]</span> <span class='ocrx_word' id='word_1_184' title='bbox 513 1296 573 1329; x_wconf 89' lang='lat' dir='ltr'>das</span> <span class='ocrx_word' id='word_1_185' title='bbox 590 1295 748 1329; x_wconf 75' lang='lat' dir='ltr'>vollends</span> <span class='ocrx_word' id='word_1_186' title='bbox 771 1299 840 1328; x_wconf 72' lang='lat' dir='ltr'>esst</span> 
     </span>
    </p>
   </div>
   <div class='ocr_carea' id='block_1_3' title="bbox 155 1294 1600 1381">
    <p class='ocr_par' dir='ltr' id='par_1_3' title="bbox 155 1294 1600 1381">
     <span class='ocr_line' id='line_1_21' title="bbox 960 1294 1600 1337; baseline 0 -9"><span class='ocrx_word' id='word_1_187' title='bbox 960 1298 1010 1328; x_wconf 79' lang='lat'>17.</span> <span class='ocrx_word' id='word_1_188' title='bbox 1049 1296 1335 1337; x_wconf 83' lang='lat' dir='ltr'>comisabundus]</span> <span class='ocrx_word' id='word_1_189' title='bbox 1376 1294 1484 1328; x_wconf 79' lang='lat' dir='ltr'>findet</span> <span class='ocrx_word' id='word_1_190' title='bbox 1527 1295 1600 1328; x_wconf 89' lang='lat' dir='ltr'>sich</span> 
     </span>
     <span class='ocr_line' id='line_1_22' title="bbox 155 1341 839 1381; baseline -0.001 -6"><span class='ocrx_word' id='word_1_191' title='bbox 155 1343 267 1380; x_wconf 79' lang='lat' dir='ltr'>(oderz</span> <span class='ocrx_word' id='word_1_192' title='bbox 295 1342 354 1375; x_wconf 84' lang='lat' dir='ltr'>das</span> <span class='ocrx_word' id='word_1_193' title='bbox 373 1342 565 1379; x_wconf 75' lang='lat' dir='ltr'>wahrlicli);</span> <span class='ocrx_word' id='word_1_194' title='bbox 594 1342 753 1381; x_wconf 74' lang='lat' dir='ltr'>ironiscli,</span> <span class='ocrx_word' id='word_1_195' title='bbox 773 1341 839 1374; x_wconf 88' lang='lat' dir='ltr'>wie</span> 
     </span>
    </p>
   </div>
   <div class='ocr_carea' id='block_1_4' title="bbox 911 1340 1600 1383">
    <p class='ocr_par' dir='ltr' id='par_1_4' title="bbox 911 1340 1600 1383">
     <span class='ocr_line' id='line_1_23' title="bbox 911 1340 1600 1383; baseline 0.001 -10"><span class='ocrx_word' id='word_1_196' title='bbox 911 1344 1024 1374; x_wconf 86' lang='lat' dir='ltr'>zuerst</span> <span class='ocrx_word' id='word_1_197' title='bbox 1050 1341 1103 1374; x_wconf 89' lang='lat' dir='ltr'>bei</span> <span class='ocrx_word' id='word_1_198' title='bbox 1127 1341 1214 1378; x_wconf 84' lang='lat' dir='ltr'>Liv.;</span> <span class='ocrx_word' id='word_1_199' title='bbox 1241 1351 1266 1374; x_wconf 93' lang='lat' dir='ltr'>s.</span> <span class='ocrx_word' id='word_1_200' title='bbox 1286 1351 1327 1374; x_wconf 90' lang='lat' dir='ltr'>zu</span> <span class='ocrx_word' id='word_1_201' title='bbox 1346 1342 1376 1383; x_wconf 89' lang='lat'>3,</span> <span class='ocrx_word' id='word_1_202' title='bbox 1393 1342 1447 1383; x_wconf 83' lang='lat'>29,</span> <span class='ocrx_word' id='word_1_203' title='bbox 1465 1343 1503 1380; x_wconf 74' lang='lat'>53</span> <span class='ocrx_word' id='word_1_204' title='bbox 1529 1340 1600 1383; x_wconf 77' lang='lat' dir='ltr'>vgl.</span> 
     </span>
    </p>
   </div>
   <div class='ocr_carea' id='block_1_5' title="bbox 154 1386 848 2473">
    <p class='ocr_par' dir='ltr' id='par_1_5' title="bbox 154 1386 844 2020">
     <span class='ocr_line' id='line_1_24' title="bbox 158 1386 841 1430; baseline -0.006 -8"><span class='ocrx_word' id='word_1_205' title='bbox 158 1391 208 1425; x_wconf 70' lang='lat' dir='ltr'>ts,</span> <span class='ocrx_word' id='word_1_206' title='bbox 227 1390 260 1427; x_wconf 84' lang='lat'>6;</span> <span class='ocrx_word' id='word_1_207' title='bbox 288 1387 375 1422; x_wconf 91' lang='lat' dir='ltr'>Plin.</span> <span class='ocrx_word' id='word_1_208' title='bbox 401 1388 461 1430; x_wconf 89' lang='lat' dir='ltr'>Ep.</span> <span class='ocrx_word' id='word_1_209' title='bbox 482 1389 511 1428; x_wconf 84' lang='grc'>8,</span> <span class='ocrx_word' id='word_1_210' title='bbox 531 1389 562 1428; x_wconf 85' lang='grc'>6,</span> <span class='ocrx_word' id='word_1_211' title='bbox 581 1389 599 1421; x_wconf 87' lang='grc'>9</span> <span class='ocrx_word' id='word_1_212' title='bbox 625 1386 691 1419; x_wconf 90' lang='lat' dir='ltr'>und</span> <span class='ocrx_word' id='word_1_213' title='bbox 717 1386 841 1419; x_wconf 73' lang='lat' dir='ltr'>vorher</span> 
     </span>
     <span class='ocr_line' id='line_1_25' title="bbox 158 1431 841 1476; baseline -0.003 -10"><span class='ocrx_word' id='word_1_214' title='bbox 158 1434 328 1467; x_wconf 67' lang='lat' dir='ltr'>videlicet.</span> <span class='ocrx_word' id='word_1_215' title='bbox 341 1453 382 1456; x_wconf 97' lang='lat'><strong>—</strong></span> <span class='ocrx_word' id='word_1_216' title='bbox 398 1433 547 1476; x_wconf 77' lang='lat' dir='ltr'>quilibet</span> <span class='ocrx_word' id='word_1_217' title='bbox 557 1435 660 1473; x_wconf 82' lang='lat' dir='ltr'>unus]</span> <span class='ocrx_word' id='word_1_218' title='bbox 672 1431 770 1472; x_wconf 84' lang='lat' dir='ltr'>J&#39;eder</span> <span class='ocrx_word' id='word_1_219' title='bbox 785 1432 841 1465; x_wconf 91' lang='lat' dir='ltr'>be-</span> 
     </span>
     <span class='ocr_line' id='line_1_26' title="bbox 154 1479 841 1521; baseline -0.003 -9"><span class='ocrx_word' id='word_1_220' title='bbox 154 1479 281 1521; x_wconf 83' lang='lat' dir='ltr'>liebige</span> <span class='ocrx_word' id='word_1_221' title='bbox 299 1479 470 1517; x_wconf 87' lang='lat' dir='ltr'>einzelne;</span> <span class='ocrx_word' id='word_1_222' title='bbox 498 1489 523 1511; x_wconf 88' lang='lat' dir='ltr'>s.</span> <span class='ocrx_word' id='word_1_223' title='bbox 539 1480 570 1518; x_wconf 89' lang='lat'>6,</span> <span class='ocrx_word' id='word_1_224' title='bbox 585 1480 640 1519; x_wconf 86' lang='lat'>40,</span> <span class='ocrx_word' id='word_1_225' title='bbox 655 1479 691 1516; x_wconf 92' lang='lat'>6;</span> <span class='ocrx_word' id='word_1_226' title='bbox 719 1479 772 1518; x_wconf 82' lang='lat'>37,</span> <span class='ocrx_word' id='word_1_227' title='bbox 788 1479 841 1518; x_wconf 87' lang='lat'>54,</span> 
     </span>
     <span class='ocr_line' id='line_1_27' title="bbox 158 1523 842 1567; baseline -0.006 -8"><span class='ocrx_word' id='word_1_228' title='bbox 158 1527 214 1563; x_wconf 67' lang='lat'>123</span> <span class='ocrx_word' id='word_1_229' title='bbox 242 1524 310 1567; x_wconf 82' lang='lat' dir='ltr'>vgl.</span> <span class='ocrx_word' id='word_1_230' title='bbox 335 1526 386 1564; x_wconf 83' lang='lat'>16,</span> <span class='ocrx_word' id='word_1_231' title='bbox 413 1526 468 1558; x_wconf 85' lang='lat'>19:</span> <span class='ocrx_word' id='word_1_232' title='bbox 499 1534 600 1556; x_wconf 84' lang='lat' dir='ltr'>nemo</span> <span class='ocrx_word' id='word_1_233' title='bbox 624 1534 728 1556; x_wconf 83' lang='lat' dir='ltr'>unus.</span> <span class='ocrx_word' id='word_1_234' title='bbox 778 1523 842 1555; x_wconf 89' lang='lat' dir='ltr'>Zur</span> 
     </span>
     <span class='ocr_line' id='line_1_28' title="bbox 156 1568 841 1612; baseline -0.004 -8"><span class='ocrx_word' id='word_1_235' title='bbox 156 1570 265 1603; x_wconf 87' lang='lat' dir='ltr'>Sache</span> <span class='ocrx_word' id='word_1_236' title='bbox 290 1569 359 1612; x_wconf 83' lang='lat' dir='ltr'>vgl.</span> <span class='ocrx_word' id='word_1_237' title='bbox 378 1569 437 1602; x_wconf 91' lang='lat' dir='ltr'>das</span> <span class='ocrx_word' id='word_1_238' title='bbox 455 1568 561 1602; x_wconf 87' lang='lat' dir='ltr'>Urteil</span> <span class='ocrx_word' id='word_1_239' title='bbox 582 1568 767 1602; x_wconf 86' lang='lat' dir='ltr'>Hannibals</span> <span class='ocrx_word' id='word_1_240' title='bbox 787 1569 841 1608; x_wconf 84' lang='lat'>35,</span> 
     </span>
     <span class='ocr_line' id='line_1_29' title="bbox 159 1615 842 1659; baseline -0.007 -9"><span class='ocrx_word' id='word_1_241' title='bbox 159 1618 210 1657; x_wconf 98' lang='lat'>14,</span> <span class='ocrx_word' id='word_1_242' title='bbox 230 1617 268 1649; x_wconf 65' lang='grc' dir='ltr'>ὃς</span> <span class='ocrx_word' id='word_1_243' title='bbox 294 1616 474 1659; x_wconf 69' lang='lat' dir='ltr'>Pyrrhum</span> <span class='ocrx_word' id='word_1_244' title='bbox 489 1618 607 1648; x_wconf 76' lang='lat' dir='ltr'>castra</span> <span class='ocrx_word' id='word_1_245' title='bbox 624 1616 753 1647; x_wconf 77' lang='lat' dir='ltr'>metam·</span> <span class='ocrx_word' id='word_1_246' title='bbox 768 1615 842 1657; x_wconf 80' lang='lat' dir='ltr'>pri-</span> 
     </span>
     <span class='ocr_line' id='line_1_30' title="bbox 155 1661 844 1699; baseline -0.003 -6"><span class='ocrx_word' id='word_1_247' title='bbox 155 1672 251 1693; x_wconf 79' lang='lat' dir='ltr'>mum</span> <span class='ocrx_word' id='word_1_248' title='bbox 281 1661 459 1699; x_wconf 82' lang='lat' dir='ltr'>docuisse;</span> <span class='ocrx_word' id='word_1_249' title='bbox 501 1661 548 1693; x_wconf 84' lang='lat' dir='ltr'>ad</span> <span class='ocrx_word' id='word_1_250' title='bbox 578 1661 643 1693; x_wconf 83' lang='lat' dir='ltr'>lzoc</span> <span class='ocrx_word' id='word_1_251' title='bbox 667 1662 844 1692; x_wconf 83' lang='lat' dir='ltr'>neminem</span> 
     </span>
     <span class='ocr_line' id='line_1_31' title="bbox 158 1705 843 1749; baseline -0.001 -11"><span class='ocrx_word' id='word_1_252' title='bbox 158 1707 357 1748; x_wconf 77' lang='lat' dir='ltr'>elegantius</span> <span class='ocrx_word' id='word_1_253' title='bbox 383 1706 461 1739; x_wconf 86' lang='lat' dir='ltr'>loca</span> <span class='ocrx_word' id='word_1_254' title='bbox 488 1708 637 1749; x_wconf 79' lang='lat' dir='ltr'>cepisse,</span> <span class='ocrx_word' id='word_1_255' title='bbox 659 1705 843 1748; x_wconf 83' lang='lat' dir='ltr'>praesidia</span> 
     </span>
     <span class='ocr_line' id='line_1_32' title="bbox 158 1750 843 1795; baseline 0 -12"><span class='ocrx_word' id='word_1_256' title='bbox 158 1752 382 1795; x_wconf 82' lang='lat' dir='ltr'>disposuisse.</span> <span class='ocrx_word' id='word_1_257' title='bbox 439 1751 505 1784; x_wconf 83' lang='lat' dir='ltr'>Das</span> <span class='ocrx_word' id='word_1_258' title='bbox 542 1750 843 1784; x_wconf 85' lang='lat' dir='ltr'>Homoioteleuton</span> 
     </span>
     <span class='ocr_line' id='line_1_33' title="bbox 158 1796 844 1839; baseline -0.003 -9"><span class='ocrx_word' id='word_1_259' title='bbox 158 1798 192 1830; x_wconf 91' lang='lat' dir='ltr'>in</span> <span class='ocrx_word' id='word_1_260' title='bbox 220 1801 370 1839; x_wconf 76' lang='lat' dir='ltr'>caperet,</span> <span class='ocrx_word' id='word_1_261' title='bbox 397 1797 583 1839; x_wconf 74' lang='lat' dir='ltr'>eoepediret</span> <span class='ocrx_word' id='word_1_262' title='bbox 605 1797 650 1829; x_wconf 86' lang='lat' dir='ltr'>ist</span> <span class='ocrx_word' id='word_1_263' title='bbox 668 1796 760 1829; x_wconf 90' lang='lat' dir='ltr'>wohl</span> <span class='ocrx_word' id='word_1_264' title='bbox 786 1796 844 1829; x_wconf 89' lang='lat' dir='ltr'>be-</span> 
     </span>
     <span class='ocr_line' id='line_1_34' title="bbox 160 1841 842 1885; baseline -0.001 -10"><span class='ocrx_word' id='word_1_265' title='bbox 160 1842 364 1885; x_wconf 85' lang='lat' dir='ltr'>absichtigt;</span> <span class='ocrx_word' id='word_1_266' title='bbox 391 1843 460 1885; x_wconf 81' lang='lat' dir='ltr'>vgl.</span> <span class='ocrx_word' id='word_1_267' title='bbox 485 1844 540 1883; x_wconf 87' lang='grc'>43,</span> <span class='ocrx_word' id='word_1_268' title='bbox 568 1845 598 1883; x_wconf 96' lang='grc'>1,</span> <span class='ocrx_word' id='word_1_269' title='bbox 625 1844 655 1875; x_wconf 86' lang='grc'>9.</span> <span class='ocrx_word' id='word_1_270' title='bbox 705 1842 738 1874; x_wconf 90' lang='lat' dir='ltr'>ln</span> <span class='ocrx_word' id='word_1_271' title='bbox 766 1841 842 1874; x_wconf 89' lang='lat' dir='ltr'>dem</span> 
     </span>
     <span class='ocr_line' id='line_1_35' title="bbox 159 1886 844 1929; baseline -0.003 -8"><span class='ocrx_word' id='word_1_272' title='bbox 159 1888 260 1921; x_wconf 87' lang='lat' dir='ltr'>Satze</span> <span class='ocrx_word' id='word_1_273' title='bbox 293 1888 337 1921; x_wconf 92' lang='lat' dir='ltr'>ist</span> <span class='ocrx_word' id='word_1_274' title='bbox 368 1887 422 1921; x_wconf 88' lang='lat' dir='ltr'>die</span> <span class='ocrx_word' id='word_1_275' title='bbox 455 1888 581 1920; x_wconf 65' lang='lat' dir='ltr'>hebere</span> <span class='ocrx_word' id='word_1_276' title='bbox 607 1886 844 1929; x_wconf 84' lang='lat' dir='ltr'>Kriegskunst,</span> 
     </span>
     <span class='ocr_line' id='line_1_36' title="bbox 158 1932 844 1974; baseline 0 -10"><span class='ocrx_word' id='word_1_277' title='bbox 158 1933 382 1967; x_wconf 72' lang='lat' dir='ltr'>verschieden</span> <span class='ocrx_word' id='word_1_278' title='bbox 396 1943 464 1965; x_wconf 83' lang='lat' dir='ltr'>von</span> <span class='ocrx_word' id='word_1_279' title='bbox 480 1932 538 1966; x_wconf 88' lang='lat' dir='ltr'>der</span> <span class='ocrx_word' id='word_1_280' title='bbox 549 1932 739 1974; x_wconf 80' lang='lat' dir='ltr'>disciplina</span> <span class='ocrx_word' id='word_1_281' title='bbox 750 1932 844 1964; x_wconf 82' lang='lat' dir='ltr'>mili-</span> 
     </span>
     <span class='ocr_line' id='line_1_37' title="bbox 162 1977 613 2020; baseline 0.004 -10"><span class='ocrx_word' id='word_1_282' title='bbox 162 1980 252 2011; x_wconf 81' lang='lat' dir='ltr'>taris</span> <span class='ocrx_word' id='word_1_283' title='bbox 277 1978 297 2020; x_wconf 69' lang='grc' dir='ltr'>ξ</span> <span class='ocrx_word' id='word_1_284' title='bbox 326 1981 377 2019; x_wconf 87' lang='grc'>10,</span> <span class='ocrx_word' id='word_1_285' title='bbox 404 1977 613 2020; x_wconf 86' lang='lat' dir='ltr'>dargestellt.</span> 
     </span>
    </p>

    <p class='ocr_par' dir='ltr' id='par_1_6' title="bbox 156 2022 848 2473">
     <span class='ocr_line' id='line_1_38' title="bbox 207 2022 844 2063; baseline -0.005 -6"><span class='ocrx_word' id='word_1_286' title='bbox 207 2026 258 2057; x_wconf 90' lang='lat'>16.</span> <span class='ocrx_word' id='word_1_287' title='bbox 307 2025 391 2063; x_wconf 78' lang='lat' dir='ltr'>non]</span> <span class='ocrx_word' id='word_1_288' title='bbox 431 2023 592 2056; x_wconf 79' lang='lat' dir='ltr'>walirlicb</span> <span class='ocrx_word' id='word_1_289' title='bbox 633 2022 744 2060; x_wconf 90' lang='lat' dir='ltr'>nicht;</span> <span class='ocrx_word' id='word_1_290' title='bbox 785 2022 844 2055; x_wconf 87' lang='lat' dir='ltr'>das</span> 
     </span>
     <span class='ocr_line' id='line_1_39' title="bbox 159 2067 845 2112; baseline -0.004 -10"><span class='ocrx_word' id='word_1_291' title='bbox 159 2068 361 2112; x_wconf 78' lang='lat' dir='ltr'>Asyndeton</span> <span class='ocrx_word' id='word_1_292' title='bbox 388 2068 470 2101; x_wconf 88' lang='lat' dir='ltr'>hebt</span> <span class='ocrx_word' id='word_1_293' title='bbox 494 2068 557 2101; x_wconf 87' lang='lat' dir='ltr'>den</span> <span class='ocrx_word' id='word_1_294' title='bbox 583 2067 845 2110; x_wconf 85' lang='lat' dir='ltr'>Gegensatz.—</span> 
     </span>
     <span class='ocr_line' id='line_1_40' title="bbox 161 2112 845 2154; baseline -0.001 -8"><span class='ocrx_word' id='word_1_295' title='bbox 161 2115 373 2154; x_wconf 70' lang='lat' dir='ltr'>trahentem]</span> <span class='ocrx_word' id='word_1_296' title='bbox 405 2113 505 2146; x_wconf 74' lang='lat' dir='ltr'>nami.</span> <span class='ocrx_word' id='word_1_297' title='bbox 538 2123 670 2151; x_wconf 60' lang='lat' dir='ltr'>secum,</span> <span class='ocrx_word' id='word_1_298' title='bbox 705 2112 759 2145; x_wconf 90' lang='lat' dir='ltr'>die</span> <span class='ocrx_word' id='word_1_299' title='bbox 783 2123 845 2145; x_wconf 95' lang='lat' dir='ltr'>un—</span> 
     </span>
     <span class='ocr_line' id='line_1_41' title="bbox 161 2157 845 2202; baseline -0.004 -9"><span class='ocrx_word' id='word_1_300' title='bbox 161 2159 346 2202; x_wconf 80' lang='lat' dir='ltr'>geordnete</span> <span class='ocrx_word' id='word_1_301' title='bbox 365 2157 478 2192; x_wconf 82' lang='lat' dir='ltr'>Masse</span> <span class='ocrx_word' id='word_1_302' title='bbox 496 2159 557 2191; x_wconf 90' lang='lat' dir='ltr'>mit</span> <span class='ocrx_word' id='word_1_303' title='bbox 574 2157 675 2191; x_wconf 75' lang='lat' dir='ltr'>Mulie</span> <span class='ocrx_word' id='word_1_304' title='bbox 694 2158 755 2190; x_wconf 88' lang='lat' dir='ltr'>mit</span> <span class='ocrx_word' id='word_1_305' title='bbox 774 2158 845 2191; x_wconf 88' lang='lat' dir='ltr'>sich</span> 
     </span>
     <span class='ocr_line' id='line_1_42' title="bbox 161 2204 847 2248; baseline -0.004 -10"><span class='ocrx_word' id='word_1_306' title='bbox 161 2204 392 2248; x_wconf 73' lang='lat' dir='ltr'>sclileppend3</span> <span class='ocrx_word' id='word_1_307' title='bbox 410 2205 479 2247; x_wconf 77' lang='lat' dir='ltr'>vgl.</span> <span class='ocrx_word' id='word_1_308' title='bbox 500 2207 551 2246; x_wconf 83' lang='lat' dir='ltr'>to,</span> <span class='ocrx_word' id='word_1_309' title='bbox 566 2205 620 2243; x_wconf 87' lang='grc'>20,</span> <span class='ocrx_word' id='word_1_310' title='bbox 634 2205 664 2237; x_wconf 86' lang='grc'>3.</span> <span class='ocrx_word' id='word_1_311' title='bbox 691 2223 734 2227; x_wconf 88' lang='grc'><strong>-</strong></span> <span class='ocrx_word' id='word_1_312' title='bbox 752 2206 847 2235; x_wconf 79' lang='lat' dir='ltr'>inter</span> 
     </span>
     <span class='ocr_line' id='line_1_43' title="bbox 156 2249 843 2293; baseline -0.003 -10"><span class='ocrx_word' id='word_1_313' title='bbox 156 2261 384 2293; x_wconf 76' lang='lat' dir='ltr'>purpuram.</span> <span class='ocrx_word' id='word_1_314' title='bbox 403 2251 424 2290; x_wconf 87' lang='lat'>.]</span> <span class='ocrx_word' id='word_1_315' title='bbox 456 2249 487 2283; x_wconf 90' lang='lat' dir='ltr'>d.</span> <span class='ocrx_word' id='word_1_316' title='bbox 514 2250 545 2283; x_wconf 92' lang='lat' dir='ltr'>h.</span> <span class='ocrx_word' id='word_1_317' title='bbox 577 2249 747 2292; x_wconf 88' lang='lat' dir='ltr'>umgeben</span> <span class='ocrx_word' id='word_1_318' title='bbox 776 2259 843 2282; x_wconf 74' lang='lat' dir='ltr'>von</span> 
     </span>
     <span class='ocr_line' id='line_1_44' title="bbox 160 2294 846 2337; baseline -0.003 -9"><span class='ocrx_word' id='word_1_319' title='bbox 160 2294 343 2329; x_wconf 79' lang='lat' dir='ltr'>Menschen</span> <span class='ocrx_word' id='word_1_320' title='bbox 362 2295 396 2328; x_wconf 91' lang='lat' dir='ltr'>in</span> <span class='ocrx_word' id='word_1_321' title='bbox 416 2324 423 2331; x_wconf 90' lang='lat'><em>.</em></span> <span class='ocrx_word' id='word_1_322' title='bbox 439 2310 462 2335; x_wconf 88' lang='lat'>.;</span> <span class='ocrx_word' id='word_1_323' title='bbox 489 2306 515 2329; x_wconf 82' lang='lat' dir='ltr'>s,</span> <span class='ocrx_word' id='word_1_324' title='bbox 534 2297 589 2337; x_wconf 91' lang='grc'>40,</span> <span class='ocrx_word' id='word_1_325' title='bbox 603 2297 634 2329; x_wconf 88' lang='grc'>5.</span> <span class='ocrx_word' id='word_1_326' title='bbox 652 2314 695 2319; x_wconf 87' lang='grc'>-</span> <span class='ocrx_word' id='word_1_327' title='bbox 713 2296 846 2334; x_wconf 82' lang='lat' dir='ltr'>verius]</span> 
     </span>
     <span class='ocr_line' id='line_1_45' title="bbox 162 2341 846 2383; baseline -0.003 -9"><span class='ocrx_word' id='word_1_328' title='bbox 162 2343 299 2382; x_wconf 82' lang='lat' dir='ltr'>s.40,5;</span> <span class='ocrx_word' id='word_1_329' title='bbox 315 2351 356 2373; x_wconf 91' lang='lat' dir='ltr'>zu</span> <span class='ocrx_word' id='word_1_330' title='bbox 373 2342 464 2383; x_wconf 84' lang='grc'>1,56,</span> <span class='ocrx_word' id='word_1_331' title='bbox 475 2343 505 2375; x_wconf 86' lang='grc'>9.</span> <span class='ocrx_word' id='word_1_332' title='bbox 526 2360 567 2365; x_wconf 90' lang='lat'>——</span> <span class='ocrx_word' id='word_1_333' title='bbox 595 2342 680 2373; x_wconf 78' lang='lat' dir='ltr'>bene</span> <span class='ocrx_word' id='word_1_334' title='bbox 690 2350 814 2373; x_wconf 83' lang='lat' dir='ltr'>ausus.</span> <span class='ocrx_word' id='word_1_335' title='bbox 827 2341 846 2380; x_wconf 92' lang='lat'>.]</span> 
     </span>
     <span class='ocr_line' id='line_1_46' title="bbox 162 2385 848 2428; baseline -0.001 -9"><span class='ocrx_word' id='word_1_336' title='bbox 162 2396 198 2419; x_wconf 86' lang='lat' dir='ltr'>es</span> <span class='ocrx_word' id='word_1_337' title='bbox 223 2386 381 2419; x_wconf 81' lang='lat' dir='ltr'>bedurste</span> <span class='ocrx_word' id='word_1_338' title='bbox 412 2397 474 2420; x_wconf 89' lang='lat' dir='ltr'>nur</span> <span class='ocrx_word' id='word_1_339' title='bbox 499 2386 558 2419; x_wconf 85' lang='lat' dir='ltr'>des</span> <span class='ocrx_word' id='word_1_340' title='bbox 588 2386 740 2428; x_wconf 86' lang='lat' dir='ltr'>mutigen</span> <span class='ocrx_word' id='word_1_341' title='bbox 766 2385 848 2418; x_wconf 90' lang='lat' dir='ltr'>Ent-</span> 
     </span>
     <span class='ocr_line' id='line_1_47' title="bbox 163 2431 848 2473; baseline -0.001 -9"><span class='ocrx_word' id='word_1_342' title='bbox 163 2431 346 2472; x_wconf 86' lang='lat' dir='ltr'>schlusses,</span> <span class='ocrx_word' id='word_1_343' title='bbox 368 2432 448 2473; x_wconf 84' lang='lat' dir='ltr'>jene</span> <span class='ocrx_word' id='word_1_344' title='bbox 467 2431 581 2465; x_wconf 86' lang='lat' dir='ltr'>Macht</span> <span class='ocrx_word' id='word_1_345' title='bbox 599 2432 649 2465; x_wconf 86' lang='lat' dir='ltr'>als</span> <span class='ocrx_word' id='word_1_346' title='bbox 674 2432 749 2464; x_wconf 90' lang='lat' dir='ltr'>eine</span> <span class='ocrx_word' id='word_1_347' title='bbox 768 2431 848 2464; x_wconf 85' lang='lat' dir='ltr'>eitle</span> 
     </span>
    </p>
   </div>
   <div class='ocr_carea' id='block_1_6' title="bbox 163 2476 847 2565">
    <p class='ocr_par' dir='ltr' id='par_1_7' title="bbox 163 2476 847 2565">
     <span class='ocr_line' id='line_1_48' title="bbox 163 2476 847 2565; baseline 0.001 -57"><span class='ocrx_word' id='word_1_348' title='bbox 163 2476 425 2565; x_wconf 45' lang='lat' dir='ltr'>zu2xgera11zhten.</span> <span class='ocrx_word' id='word_1_349' title='bbox 454 2495 495 2502; x_wconf 83' lang='lat'>—</span> <span class='ocrx_word' id='word_1_350' title='bbox 521 2479 742 2517; x_wconf 81' lang='lat' dir='ltr'>incruentus]</span> <span class='ocrx_word' id='word_1_351' title='bbox 761 2486 786 2510; x_wconf 89' lang='lat' dir='ltr'>s.</span> <span class='ocrx_word' id='word_1_352' title='bbox 807 2486 847 2509; x_wconf 93' lang='lat' dir='ltr'>zu</span> 
     </span>
     <span class='ocr_line' id='line_1_49' title="bbox 163 2523 365 2561; baseline 0 -7"><span class='ocrx_word' id='word_1_353' title='bbox 163 2524 194 2561; x_wconf 89' lang='lat'>4,</span> <span class='ocrx_word' id='word_1_354' title='bbox 259 2523 313 2561; x_wconf 77' lang='lat'>‚7.</span> <span class='ocrx_word' id='word_1_355' title='bbox 362 2546 365 2561; x_wconf 44' lang='lat'>2</span> 
     </span>
    </p>
   </div>
   <div class='ocr_carea' id='block_1_7' title="bbox 911 1385 1602 2563">
    <p class='ocr_par' dir='ltr' id='par_1_8' title="bbox 911 1385 1600 1701">
     <span class='ocr_line' id='line_1_50' title="bbox 912 1385 1598 1428; baseline 0.003 -10"><span class='ocrx_word' id='word_1_356' title='bbox 912 1396 951 1418; x_wconf 92' lang='lat' dir='ltr'>zu</span> <span class='ocrx_word' id='word_1_357' title='bbox 971 1388 1002 1425; x_wconf 87' lang='grc'>3,</span> <span class='ocrx_word' id='word_1_358' title='bbox 1022 1388 1051 1427; x_wconf 89' lang='grc'>3,</span> <span class='ocrx_word' id='word_1_359' title='bbox 1073 1389 1131 1425; x_wconf 88' lang='lat'>10;</span> <span class='ocrx_word' id='word_1_360' title='bbox 1164 1397 1223 1419; x_wconf 85' lang='lat' dir='ltr'>zur</span> <span class='ocrx_word' id='word_1_361' title='bbox 1249 1385 1358 1419; x_wconf 89' lang='lat' dir='ltr'>Sache</span> <span class='ocrx_word' id='word_1_362' title='bbox 1373 1386 1442 1428; x_wconf 84' lang='lat' dir='ltr'>vgl.</span> <span class='ocrx_word' id='word_1_363' title='bbox 1459 1386 1549 1419; x_wconf 86' lang='lat' dir='ltr'>Gurt.</span> <span class='ocrx_word' id='word_1_364' title='bbox 1567 1388 1598 1426; x_wconf 85' lang='lat'>9,</span> 
     </span>
     <span class='ocr_line' id='line_1_51' title="bbox 914 1430 1600 1474; baseline -0.001 -9"><span class='ocrx_word' id='word_1_365' title='bbox 914 1434 966 1473; x_wconf 88' lang='grc'>10,</span> <span class='ocrx_word' id='word_1_366' title='bbox 985 1433 1037 1465; x_wconf 88' lang='grc'>24.</span> <span class='ocrx_word' id='word_1_367' title='bbox 1063 1451 1107 1455; x_wconf 83' lang='grc'>-</span> <span class='ocrx_word' id='word_1_368' title='bbox 1131 1432 1246 1465; x_wconf 81' lang='lat' dir='ltr'>saltus</span> <span class='ocrx_word' id='word_1_369' title='bbox 1268 1431 1433 1474; x_wconf 81' lang='lat' dir='ltr'>Apuliae]</span> <span class='ocrx_word' id='word_1_370' title='bbox 1461 1431 1515 1464; x_wconf 87' lang='lat' dir='ltr'>die</span> <span class='ocrx_word' id='word_1_371' title='bbox 1536 1430 1600 1464; x_wconf 91' lang='lat' dir='ltr'>Ge-</span> 
     </span>
     <span class='ocr_line' id='line_1_52' title="bbox 911 1476 1599 1520; baseline 0.001 -11"><span class='ocrx_word' id='word_1_372' title='bbox 911 1477 1007 1520; x_wconf 84' lang='lat' dir='ltr'>birge</span> <span class='ocrx_word' id='word_1_373' title='bbox 1031 1487 1072 1510; x_wconf 93' lang='lat' dir='ltr'>an</span> <span class='ocrx_word' id='word_1_374' title='bbox 1099 1477 1156 1510; x_wconf 89' lang='lat' dir='ltr'>der</span> <span class='ocrx_word' id='word_1_375' title='bbox 1175 1476 1398 1519; x_wconf 82' lang='lat' dir='ltr'>Westgrenze</span> <span class='ocrx_word' id='word_1_376' title='bbox 1415 1476 1599 1520; x_wconf 84' lang='lat' dir='ltr'>Apuliens;</span> 
     </span>
     <span class='ocr_line' id='line_1_53' title="bbox 913 1522 1600 1563; baseline 0 -8"><span class='ocrx_word' id='word_1_377' title='bbox 913 1522 1006 1556; x_wconf 88' lang='lat' dir='ltr'>diese</span> <span class='ocrx_word' id='word_1_378' title='bbox 1025 1523 1117 1556; x_wconf 73' lang='lat' dir='ltr'>hatte</span> <span class='ocrx_word' id='word_1_379' title='bbox 1134 1522 1338 1563; x_wconf 82' lang='lat' dir='ltr'>Alexander,</span> <span class='ocrx_word' id='word_1_380' title='bbox 1363 1532 1464 1555; x_wconf 88' lang='lat' dir='ltr'>wenn</span> <span class='ocrx_word' id='word_1_381' title='bbox 1480 1532 1515 1555; x_wconf 87' lang='lat' dir='ltr'>er</span> <span class='ocrx_word' id='word_1_382' title='bbox 1533 1532 1600 1555; x_wconf 85' lang='lat' dir='ltr'>von</span> 
     </span>
     <span class='ocr_line' id='line_1_54' title="bbox 913 1567 1600 1611; baseline -0.001 -10"><span class='ocrx_word' id='word_1_383' title='bbox 913 1568 1161 1601; x_wconf 85' lang='lat' dir='ltr'>Griechcnland</span> <span class='ocrx_word' id='word_1_384' title='bbox 1190 1578 1250 1601; x_wconf 88' lang='lat' dir='ltr'>aus</span> <span class='ocrx_word' id='word_1_385' title='bbox 1284 1568 1317 1601; x_wconf 86' lang='lat' dir='ltr'>in</span> <span class='ocrx_word' id='word_1_386' title='bbox 1350 1567 1496 1611; x_wconf 82' lang='lat' dir='ltr'>Apulien</span> <span class='ocrx_word' id='word_1_387' title='bbox 1528 1567 1600 1600; x_wconf 88' lang='lat' dir='ltr'>lan-</span> 
     </span>
     <span class='ocr_line' id='line_1_55' title="bbox 913 1613 1600 1657; baseline -0.001 -11"><span class='ocrx_word' id='word_1_388' title='bbox 913 1613 1010 1655; x_wconf 88' lang='lat' dir='ltr'>dete,</span> <span class='ocrx_word' id='word_1_389' title='bbox 1032 1617 1147 1647; x_wconf 87' lang='lat' dir='ltr'>zuerst</span> <span class='ocrx_word' id='word_1_390' title='bbox 1175 1613 1336 1657; x_wconf 81' lang='lat' dir='ltr'>geschen.</span> <span class='ocrx_word' id='word_1_391' title='bbox 1365 1632 1409 1637; x_wconf 96' lang='lat'><strong>—</strong></span> <span class='ocrx_word' id='word_1_392' title='bbox 1435 1615 1600 1655; x_wconf 82' lang='lat' dir='ltr'>vestigia]</span> 
     </span>
     <span class='ocr_line' id='line_1_56' title="bbox 914 1660 1147 1701; baseline 0.004 -9"><span class='ocrx_word' id='word_1_393' title='bbox 914 1669 940 1693; x_wconf 92' lang='lat' dir='ltr'>s.</span> <span class='ocrx_word' id='word_1_394' title='bbox 960 1660 991 1699; x_wconf 88' lang='lat'>8,</span> <span class='ocrx_word' id='word_1_395' title='bbox 1006 1660 1060 1700; x_wconf 82' lang='lat'>24,</span> <span class='ocrx_word' id='word_1_396' title='bbox 1078 1663 1107 1693; x_wconf 88' lang='lat'>1.</span> <span class='ocrx_word' id='word_1_397' title='bbox 1135 1695 1147 1701; x_wconf 64' lang='lat'><strong>„</strong></span> 
     </span>
    </p>

    <p class='ocr_par' dir='ltr' id='par_1_9' title="bbox 913 1700 1601 1929">
     <span class='ocr_line' id='line_1_57' title="bbox 957 1700 1598 1747; baseline -0.003 -9"><span class='ocrx_word' id='word_1_398' title='bbox 957 1704 1017 1740; x_wconf 90' lang='grc'>18.</span> <span class='ocrx_word' id='word_1_399' title='bbox 1044 1700 1110 1738; x_wconf 87' lang='lat' dir='ltr'>Das</span> <span class='ocrx_word' id='word_1_400' title='bbox 1128 1704 1371 1747; x_wconf 87' lang='lat' dir='ltr'>Ubergewicht</span> <span class='ocrx_word' id='word_1_401' title='bbox 1389 1703 1598 1746; x_wconf 76' lang='lat' dir='ltr'>Alexanders</span> 
     </span>
     <span class='ocr_line' id='line_1_58' title="bbox 913 1748 1601 1792; baseline 0 -10"><span class='ocrx_word' id='word_1_402' title='bbox 913 1750 999 1783; x_wconf 85' lang='lat' dir='ltr'>wird</span> <span class='ocrx_word' id='word_1_403' title='bbox 1011 1749 1224 1783; x_wconf 81' lang='lat' dir='ltr'>zweiselhaft</span> <span class='ocrx_word' id='word_1_404' title='bbox 1236 1759 1356 1792; x_wconf 85' lang='lat' dir='ltr'>wegen</span> <span class='ocrx_word' id='word_1_405' title='bbox 1371 1749 1484 1783; x_wconf 85' lang='lat' dir='ltr'>seines</span> <span class='ocrx_word' id='word_1_406' title='bbox 1494 1748 1601 1782; x_wconf 87' lang='lat' dir='ltr'>Uber-</span> 
     </span>
     <span class='ocr_line' id='line_1_59' title="bbox 916 1794 1600 1838; baseline 0 -10"><span class='ocrx_word' id='word_1_407' title='bbox 916 1798 1027 1829; x_wconf 88' lang='lat' dir='ltr'>mutes</span> <span class='ocrx_word' id='word_1_408' title='bbox 1065 1795 1132 1829; x_wconf 92' lang='lat' dir='ltr'>und</span> <span class='ocrx_word' id='word_1_409' title='bbox 1165 1795 1277 1829; x_wconf 87' lang='lat' dir='ltr'>seiner</span> <span class='ocrx_word' id='word_1_410' title='bbox 1307 1794 1539 1838; x_wconf 83' lang='lat' dir='ltr'>Schwelgerei</span> <span class='ocrx_word' id='word_1_411' title='bbox 1565 1794 1600 1838; x_wconf 67' lang='grc' dir='ltr'>(ξ</span> 
     </span>
     <span class='ocr_line' id='line_1_60' title="bbox 917 1839 1600 1883; baseline -0.003 -8"><span class='ocrx_word' id='word_1_412' title='bbox 917 1843 1033 1883; x_wconf 84' lang='grc'>1-5);</span> <span class='ocrx_word' id='word_1_413' title='bbox 1060 1841 1154 1874; x_wconf 86' lang='lat' dir='ltr'>scine</span> <span class='ocrx_word' id='word_1_414' title='bbox 1172 1840 1292 1874; x_wconf 75' lang='lat' dir='ltr'>Grosse</span> <span class='ocrx_word' id='word_1_415' title='bbox 1317 1840 1436 1874; x_wconf 80' lang='lat' dir='ltr'>wiirde</span> <span class='ocrx_word' id='word_1_416' title='bbox 1461 1839 1515 1874; x_wconf 88' lang='lat' dir='ltr'>die</span> <span class='ocrx_word' id='word_1_417' title='bbox 1533 1839 1600 1873; x_wconf 70' lang='lat' dir='ltr'>Ra-</span> 
     </span>
     <span class='ocr_line' id='line_1_61' title="bbox 914 1886 1600 1929; baseline -0.001 -10"><span class='ocrx_word' id='word_1_418' title='bbox 914 1896 986 1919; x_wconf 89' lang='lat' dir='ltr'>mer</span> <span class='ocrx_word' id='word_1_419' title='bbox 999 1886 1093 1919; x_wconf 87' lang='lat' dir='ltr'>nicht</span> <span class='ocrx_word' id='word_1_420' title='bbox 1110 1886 1294 1929; x_wconf 85' lang='lat' dir='ltr'>geblendet</span> <span class='ocrx_word' id='word_1_421' title='bbox 1308 1886 1418 1919; x_wconf 88' lang='lat' dir='ltr'>haben</span> <span class='ocrx_word' id='word_1_422' title='bbox 1440 1886 1473 1929; x_wconf 67' lang='grc' dir='ltr'>(ξ</span> <span class='ocrx_word' id='word_1_423' title='bbox 1487 1886 1600 1925; x_wconf 90' lang='lat'>6—8).</span> 
     </span>
    </p>

    <p class='ocr_par' dir='ltr' id='par_1_10' title="bbox 915 1925 1601 2064">
     <span class='ocr_line' id='line_1_62' title="bbox 963 1925 1600 1973; baseline -0.002 -8"><span class='ocrx_word' id='word_1_424' title='bbox 963 1934 991 1965; x_wconf 91' lang='lat'>1.</span> <span class='ocrx_word' id='word_1_425' title='bbox 1019 1934 1064 1972; x_wconf 86' lang='lat' dir='ltr'>et]</span> <span class='ocrx_word' id='word_1_426' title='bbox 1083 1928 1165 1965; x_wconf 91' lang='lat' dir='ltr'>‘und</span> <span class='ocrx_word' id='word_1_427' title='bbox 1183 1925 1296 1964; x_wconf 84' lang='lat' dir='ltr'>zwar&#39;.</span> <span class='ocrx_word' id='word_1_428' title='bbox 1315 1949 1358 1955; x_wconf 91' lang='lat'><strong>—</strong></span> <span class='ocrx_word' id='word_1_429' title='bbox 1378 1931 1505 1972; x_wconf 81' lang='lat' dir='ltr'>merso]</span> <span class='ocrx_word' id='word_1_430' title='bbox 1531 1930 1600 1973; x_wconf 87' lang='lat' dir='ltr'>vgl.</span> 
     </span>
     <span class='ocr_line' id='line_1_63' title="bbox 916 1975 1601 2018; baseline -0.003 -7"><span class='ocrx_word' id='word_1_431' title='bbox 916 1978 947 2018; x_wconf 90' lang='grc'>6,</span> <span class='ocrx_word' id='word_1_432' title='bbox 968 1978 1019 2012; x_wconf 80' lang='lat'>14.</span> <span class='ocrx_word' id='word_1_433' title='bbox 1034 1979 1064 2010; x_wconf 85' lang='lat'>7.</span> <span class='ocrx_word' id='word_1_434' title='bbox 1082 1995 1128 2000; x_wconf 98' lang='lat'><strong>—</strong></span> <span class='ocrx_word' id='word_1_435' title='bbox 1145 1976 1411 2016; x_wconf 67' lang='lat' dir='ltr'>intolerantior]</span> <span class='ocrx_word' id='word_1_436' title='bbox 1425 1975 1601 2009; x_wconf 83' lang='lat' dir='ltr'>vielleicht</span> 
     </span>
     <span class='ocr_line' id='line_1_64' title="bbox 915 2020 1440 2064; baseline -0.002 -10"><span class='ocrx_word' id='word_1_437' title='bbox 915 2032 983 2054; x_wconf 72' lang='lat' dir='ltr'>von</span> <span class='ocrx_word' id='word_1_438' title='bbox 1008 2021 1079 2054; x_wconf 80' lang='lat' dir='ltr'>Liv.</span> <span class='ocrx_word' id='word_1_439' title='bbox 1105 2025 1218 2054; x_wconf 86' lang='lat' dir='ltr'>zuerst</span> <span class='ocrx_word' id='word_1_440' title='bbox 1242 2020 1440 2064; x_wconf 79' lang='lat' dir='ltr'>gebraucht.</span> 
     </span>
    </p>

    <p class='ocr_par' dir='ltr' id='par_1_11' title="bbox 918 2065 1600 2154">
     <span class='ocr_line' id='line_1_65' title="bbox 963 2065 1600 2110; baseline -0.002 -11"><span class='ocrx_word' id='word_1_441' title='bbox 963 2067 993 2099; x_wconf 93' lang='grc'>2.</span> <span class='ocrx_word' id='word_1_442' title='bbox 1019 2068 1169 2108; x_wconf 79' lang='lat' dir='ltr'>ingenii,</span> <span class='ocrx_word' id='word_1_443' title='bbox 1185 2066 1280 2108; x_wconf 86' lang='lat' dir='ltr'>quod</span> <span class='ocrx_word' id='word_1_444' title='bbox 1291 2067 1379 2099; x_wconf 85' lang='lat' dir='ltr'>sibi.</span> <span class='ocrx_word' id='word_1_445' title='bbox 1395 2091 1403 2099; x_wconf 92' lang='lat'>.</span> <span class='ocrx_word' id='word_1_446' title='bbox 1416 2065 1600 2110; x_wconf 81' lang='lat' dir='ltr'>induerat]</span> 
     </span>
     <span class='ocr_line' id='line_1_66' title="bbox 918 2111 1554 2154; baseline -0.002 -9"><span class='ocrx_word' id='word_1_447' title='bbox 918 2122 944 2145; x_wconf 89' lang='lat' dir='ltr'>s.</span> <span class='ocrx_word' id='word_1_448' title='bbox 962 2114 991 2153; x_wconf 91' lang='lat'>1,</span> <span class='ocrx_word' id='word_1_449' title='bbox 1007 2114 1060 2153; x_wconf 85' lang='lat'>56,</span> <span class='ocrx_word' id='word_1_450' title='bbox 1075 2114 1112 2150; x_wconf 85' lang='lat'>7;</span> <span class='ocrx_word' id='word_1_451' title='bbox 1140 2113 1170 2153; x_wconf 90' lang='grc'>3,</span> <span class='ocrx_word' id='word_1_452' title='bbox 1186 2113 1240 2153; x_wconf 87' lang='grc'>33,</span> <span class='ocrx_word' id='word_1_453' title='bbox 1255 2114 1290 2150; x_wconf 86' lang='lat'>7;</span> <span class='ocrx_word' id='word_1_454' title='bbox 1319 2111 1408 2146; x_wconf 83' lang='lat' dir='ltr'>Curt.</span> <span class='ocrx_word' id='word_1_455' title='bbox 1427 2113 1458 2153; x_wconf 92' lang='lat'>6,</span> <span class='ocrx_word' id='word_1_456' title='bbox 1477 2112 1508 2154; x_wconf 91' lang='lat'>6,</span> <span class='ocrx_word' id='word_1_457' title='bbox 1524 2113 1554 2145; x_wconf 89' lang='lat'>5.</span> 
     </span>
    </p>

    <p class='ocr_par' dir='ltr' id='par_1_12' title="bbox 915 2154 1602 2515">
     <span class='ocr_line' id='line_1_67' title="bbox 965 2154 1600 2199; baseline -0.003 -8"><span class='ocrx_word' id='word_1_458' title='bbox 965 2159 994 2191; x_wconf 87' lang='lat'>3.</span> <span class='ocrx_word' id='word_1_459' title='bbox 1009 2159 1040 2189; x_wconf 83' lang='lat' dir='ltr'>si</span> <span class='ocrx_word' id='word_1_460' title='bbox 1054 2183 1060 2190; x_wconf 94' lang='lat'>.</span> <span class='ocrx_word' id='word_1_461' title='bbox 1077 2182 1083 2189; x_wconf 96' lang='lat'>.</span> <span class='ocrx_word' id='word_1_462' title='bbox 1097 2159 1274 2199; x_wconf 78' lang='lat' dir='ltr'>spectetur</span> <span class='ocrx_word' id='word_1_463' title='bbox 1289 2183 1295 2190; x_wconf 87' lang='lat'>.</span> <span class='ocrx_word' id='word_1_464' title='bbox 1313 2181 1320 2190; x_wconf 96' lang='lat'>.</span> <span class='ocrx_word' id='word_1_465' title='bbox 1335 2159 1498 2198; x_wconf 82' lang='lat' dir='ltr'>venisset]</span> <span class='ocrx_word' id='word_1_466' title='bbox 1516 2154 1600 2190; x_wconf 78' lang='lat' dir='ltr'>kurz</span> 
     </span>
     <span class='ocr_line' id='line_1_68' title="bbox 918 2204 1600 2245; baseline -0.001 -9"><span class='ocrx_word' id='word_1_467' title='bbox 918 2206 1001 2236; x_wconf 81' lang='lat' dir='ltr'>Statt</span> <span class='ocrx_word' id='word_1_468' title='bbox 1032 2204 1064 2234; x_wconf 80' lang='lat' dir='ltr'>si</span> <span class='ocrx_word' id='word_1_469' title='bbox 1087 2206 1280 2244; x_wconf 72' lang='lat' dir='ltr'>spectetur,</span> <span class='ocrx_word' id='word_1_470' title='bbox 1306 2206 1481 2245; x_wconf 76' lang='lat' dir='ltr'>appareat</span> <span class='ocrx_word' id='word_1_471' title='bbox 1511 2213 1600 2243; x_wconf 78' lang='lat' dir='ltr'>eum,</span> 
     </span>
     <span class='ocr_line' id='line_1_69' title="bbox 915 2246 1601 2288; baseline 0 -8"><span class='ocrx_word' id='word_1_472' title='bbox 915 2250 947 2280; x_wconf 87' lang='lat' dir='ltr'>si</span> <span class='ocrx_word' id='word_1_473' title='bbox 978 2250 1147 2288; x_wconf 78' lang='lat' dir='ltr'>venisset,</span> <span class='ocrx_word' id='word_1_474' title='bbox 1176 2251 1366 2280; x_wconf 80' lang='lat' dir='ltr'>venturum</span> <span class='ocrx_word' id='word_1_475' title='bbox 1394 2246 1516 2287; x_wconf 76' lang='lat' dir='ltr'>fuisse.</span> <span class='ocrx_word' id='word_1_476' title='bbox 1556 2266 1601 2272; x_wconf 91' lang='lat'>——</span> 
     </span>
     <span class='ocr_line' id='line_1_70' title="bbox 916 2292 1602 2337; baseline -0.001 -11"><span class='ocrx_word' id='word_1_477' title='bbox 916 2292 1141 2337; x_wconf 51' lang='lat' dir='ltr'>Ales-andro]</span> <span class='ocrx_word' id='word_1_478' title='bbox 1151 2297 1235 2327; x_wconf 86' lang='lat' dir='ltr'>statt</span> <span class='ocrx_word' id='word_1_479' title='bbox 1243 2294 1322 2334; x_wconf 81' lang='lat' dir='ltr'>sibi,</span> <span class='ocrx_word' id='word_1_480' title='bbox 1330 2303 1386 2326; x_wconf 88' lang='lat' dir='ltr'>um</span> <span class='ocrx_word' id='word_1_481' title='bbox 1397 2293 1460 2326; x_wconf 89' lang='lat' dir='ltr'>den</span> <span class='ocrx_word' id='word_1_482' title='bbox 1470 2292 1602 2335; x_wconf 87' lang='lat' dir='ltr'>Gegen-</span> 
     </span>
     <span class='ocr_line' id='line_1_71' title="bbox 917 2338 1599 2381; baseline -0.003 -9"><span class='ocrx_word' id='word_1_483' title='bbox 917 2343 990 2372; x_wconf 89' lang='lat' dir='ltr'>satz</span> <span class='ocrx_word' id='word_1_484' title='bbox 1008 2349 1047 2372; x_wconf 90' lang='lat' dir='ltr'>zu</span> <span class='ocrx_word' id='word_1_485' title='bbox 1068 2338 1189 2372; x_wconf 86' lang='lat' dir='ltr'>beben.</span> <span class='ocrx_word' id='word_1_486' title='bbox 1208 2357 1251 2363; x_wconf 89' lang='lat'>—</span> <span class='ocrx_word' id='word_1_487' title='bbox 1269 2339 1540 2381; x_wconf 80' lang='lat' dir='ltr'>degenerantem</span> <span class='ocrx_word' id='word_1_488' title='bbox 1556 2364 1562 2372; x_wconf 94' lang='lat'>.</span> <span class='ocrx_word' id='word_1_489' title='bbox 1578 2341 1599 2379; x_wconf 94' lang='lat'>.]</span> 
     </span>
     <span class='ocr_line' id='line_1_72' title="bbox 918 2383 1600 2427; baseline -0.001 -10"><span class='ocrx_word' id='word_1_490' title='bbox 918 2384 1023 2417; x_wconf 86' lang='lat' dir='ltr'>schon</span> <span class='ocrx_word' id='word_1_491' title='bbox 1049 2385 1082 2417; x_wconf 91' lang='lat' dir='ltr'>in</span> <span class='ocrx_word' id='word_1_492' title='bbox 1116 2384 1175 2417; x_wconf 85' lang='lat' dir='ltr'>der</span> <span class='ocrx_word' id='word_1_493' title='bbox 1198 2384 1394 2427; x_wconf 85' lang='lat' dir='ltr'>Ausartung</span> <span class='ocrx_word' id='word_1_494' title='bbox 1422 2383 1600 2426; x_wconf 80' lang='lat' dir='ltr'>begriffen‚</span> 
     </span>
     <span class='ocr_line' id='line_1_73' title="bbox 918 2428 1599 2472; baseline -0.001 -9"><span class='ocrx_word' id='word_1_495' title='bbox 918 2429 1050 2463; x_wconf 87' lang='lat' dir='ltr'>welche</span> <span class='ocrx_word' id='word_1_496' title='bbox 1082 2439 1123 2462; x_wconf 93' lang='lat' dir='ltr'>zu</span> <span class='ocrx_word' id='word_1_497' title='bbox 1161 2428 1226 2462; x_wconf 84' lang='lat' dir='ltr'>den</span> <span class='ocrx_word' id='word_1_498' title='bbox 1258 2429 1454 2472; x_wconf 85' lang='lat' dir='ltr'>persischen</span> <span class='ocrx_word' id='word_1_499' title='bbox 1491 2428 1599 2462; x_wconf 88' lang='lat' dir='ltr'>Sitten</span> 
     </span>
     <span class='ocr_line' id='line_1_74' title="bbox 918 2475 1600 2515; baseline 0 -7"><span class='ocrx_word' id='word_1_500' title='bbox 918 2475 1036 2508; x_wconf 79' lang='lat' dir='ltr'>siihren</span> <span class='ocrx_word' id='word_1_501' title='bbox 1055 2476 1195 2514; x_wconf 82' lang='lat' dir='ltr'>murste;</span> <span class='ocrx_word' id='word_1_502' title='bbox 1228 2485 1253 2508; x_wconf 87' lang='lat' dir='ltr'>s.</span> <span class='ocrx_word' id='word_1_503' title='bbox 1272 2476 1326 2514; x_wconf 88' lang='lat'>34,</span> <span class='ocrx_word' id='word_1_504' title='bbox 1349 2477 1404 2513; x_wconf 86' lang='lat'>15;</span> <span class='ocrx_word' id='word_1_505' title='bbox 1431 2475 1554 2515; x_wconf 91' lang='grc'>22,14,</span> <span class='ocrx_word' id='word_1_506' title='bbox 1569 2476 1600 2508; x_wconf 89' lang='grc'>6.</span> 
     </span>
    </p>

    <p class='ocr_par' dir='ltr' id='par_1_13' title="bbox 965 2520 1600 2563">
     <span class='ocr_line' id='line_1_75' title="bbox 965 2520 1600 2563; baseline -0.002 -9"><span class='ocrx_word' id='word_1_507' title='bbox 965 2523 995 2555; x_wconf 89' lang='grc'>4.</span> <span class='ocrx_word' id='word_1_508' title='bbox 1021 2520 1171 2563; x_wconf 63' lang='lat' dir='ltr'>refer-w]</span> <span class='ocrx_word' id='word_1_509' title='bbox 1199 2530 1224 2554; x_wconf 91' lang='lat' dir='ltr'>s.</span> <span class='ocrx_word' id='word_1_510' title='bbox 1251 2521 1282 2562; x_wconf 82' lang='lat' dir='ltr'>S,</span> <span class='ocrx_word' id='word_1_511' title='bbox 1304 2522 1354 2562; x_wconf 94' lang='lat'>11,</span> <span class='ocrx_word' id='word_1_512' title='bbox 1375 2523 1402 2555; x_wconf 89' lang='lat'>1.</span> <span class='ocrx_word' id='word_1_513' title='bbox 1428 2539 1472 2545; x_wconf 97' lang='lat'><strong>—</strong></span> <span class='ocrx_word' id='word_1_514' title='bbox 1497 2522 1547 2561; x_wconf 79' lang='lat' dir='ltr'>in]</span> <span class='ocrx_word' id='word_1_515' title='bbox 1573 2530 1600 2553; x_wconf 86' lang='lat' dir='ltr'>s.</span> 
     </span>
    </p>
   </div>
  </div>
 </body>
</html>
