1779 2828
131 132 161 153 a.
182 124 249 153 cnr.
270 132 300 152 n.
318 125 380 152 293.
1507 107 1588 146 205

624 111 749 145 LIBER
775 111 815 145 X.
854 110 950 144 CAP.
975 111 1030 146 41.
1056 112 1110 144 42.

131 231 193 271 bis
215 230 557 283 oppugnationem
579 234 710 274 ratus,
742 228 963 279 interrogat
985 227 1151 274 milites,
1182 227 1284 267 satin
1307 239 1434 279 aequo
1457 226 1589 266 animo

131 294 370 341 paterentur
400 287 446 326 ab
475 287 597 326 altero
621 298 751 326 cornu
772 291 899 325 eastra
923 291 1037 336 capta
1059 297 1164 332 esse,
1198 297 1239 324 se
1264 285 1434 325 victores
1456 285 1548 337 pelli
1571 298 1591 325 a

132 346 260 399 portis
290 343 414 385 urbis.
467 343 777 383 reclamantibus
800 342 996 382 universis
1027 342 1182 393 primus
1212 342 1297 394 ipse
1328 349 1440 382 scuto
1472 355 1593 395 super

133 409 253 456 caput
270 403 370 442 elato
394 402 525 455 pergit
542 401 589 440 ad
607 407 785 453 portam;
808 400 935 440 secuti
957 399 1020 438 alii
1042 399 1244 438 testudine
1265 400 1368 438 facta
1390 400 1430 439 in
1450 399 1593 440 urbem

132 466 401 513 perrumpunt
431 458 731 510 deturbatisque
753 456 999 497 Samnitibus
1031 468 1132 508 quae
1163 456 1268 496 circa
1299 464 1456 509 portam
1481 465 1593 498 erant

133 518 238 558 muri
260 529 526 569 occupavere3
549 522 762 568 penetrare
784 515 824 554 in
849 514 1041 554 interiora
1062 513 1188 562 urbis,
1211 514 1301 566 quia
1322 516 1440 566 pauci
1457 515 1593 555 admo-

1624 349 1660 382 14

132 576 228 615 dum
249 582 375 623 erant,
400 587 481 614 non
506 574 666 613 audent.
708 574 806 612 haec
827 573 958 625 primo
982 572 1167 624 ignorare
1191 572 1332 612 consul
1354 579 1393 611 et
1413 573 1594 613 intentus
1613 578 1662 613 42

132 632 374 685 recipiendo
389 631 591 679 exercitui
622 643 731 680 esse3
772 630 847 669 iam
882 629 987 669 enim
1020 642 1211 682 praeceps
1242 630 1282 668 in
1317 642 1502 670 occasum
1534 631 1594 671 sol

133 696 219 730 erat
240 696 279 729 et
308 690 501 742 adpetens
524 702 603 728 nox
624 687 848 741 periculosa
871 694 908 727 et
937 693 1133 739 ειηρβέςῑρα
1143 687 1274 726 omnia
1298 688 1414 727 etiam
1431 688 1594 728 victori-

132 748 209 788 bus
230 747 411 787 faciebat.
454 759 692 800 progressus
712 745 872 796 longius
894 745 942 784 ab
965 745 1100 784 dextra
1124 751 1237 797 capta
1261 752 1388 785 castra
1410 746 1524 793 videt,
1548 747 1594 786 ab

133 805 242 845 laeva
272 805 487 845 clamorem
518 805 557 844 in
590 804 690 843 urbe
722 804 887 842 mixtum
911 803 1176 855 pugnantium
1197 815 1242 842 ae
1263 803 1491 855 paventium
1514 804 1594 844 fre-

134 863 233 902 mitu
275 875 379 902 esse:
423 868 461 902 et
499 868 582 901 tum
620 862 722 900 forte
754 867 955 900 certamen
989 861 1034 899 ad
1068 867 1223 912 portam
1255 868 1349 900 erat.
1412 862 1597 902 advectus

135 920 279 960 deinde
296 933 400 972 equo
417 920 597 972 propius,
620 926 662 958 ut
681 932 774 959 suos
790 919 830 958 in
854 918 978 957 muris
996 918 1098 957 videt
1121 931 1195 957 nec
1216 918 1291 957 iam
1312 918 1458 970 integri
1482 920 1593 971 quic-

137 990 256 1030 quam
283 990 390 1026 esse,
425 977 615 1029 quoniam
639 976 858 1016 temeritate
881 988 1100 1028 paucorum
1125 988 1291 1027 magnae
1313 977 1369 1016 rei
1392 983 1503 1028 parta
1527 990 1594 1017 oc-

135 1035 241 1075 casio
275 1041 396 1084 esset‚
430 1035 550 1074 acciri
581 1047 678 1086 quas
704 1040 909 1086 receperat
934 1033 1067 1085 copias
1089 1034 1283 1085 signaque
1305 1034 1345 1073 in
1369 1034 1509 1073 urbem
1532 1035 1594 1074 in-

134 1093 230 1132 ferri
247 1093 373 1133 iussit.
409 1093 581 1144 ingressi
599 1092 792 1144 proxima,
817 1104 860 1131 ea
878 1097 1001 1143 parte,
1026 1091 1116 1143 quia
1138 1104 1216 1130 nox
1236 1091 1596 1144 adpropinquabat,

137 1151 336 1201 quievere.
380 1157 497 1190 nocte
530 1150 720 1202 oppidum
754 1149 801 1188 ab
828 1149 1008 1188 hostibus
1040 1149 1239 1189 desertum
1263 1156 1334 1188 est.
1387 1161 1498 1189 caesa
1530 1151 1597 1190 illo

136 1207 200 1247 die
221 1208 267 1247 ad
290 1208 543 1259 Aquiloniam
571 1207 809 1248 Samnitium
839 1207 943 1245 milia
967 1206 1104 1258 viginti
1129 1207 1296 1245 trecenti
1320 1207 1594 1258 quadraginta,

137 1271 251 1318 capta
274 1265 346 1304 tria
369 1265 476 1305 milia
498 1265 718 1317 octingenti
741 1265 1003 1316 septuaginta,
1032 1264 1144 1315 signa
1168 1264 1352 1303 militaria
1378 1266 1595 1317 nonaginta

137 1329 304 1375 septem.
338 1329 518 1362 ceterum
535 1323 631 1362 illud
648 1322 862 1362 memoriae
878 1321 1061 1368 traditur,
1080 1334 1161 1360 non
1175 1322 1298 1361 ferme
1317 1321 1437 1361 alium
1456 1322 1597 1362 ducem

138 1380 342 1420 laetiorem
365 1380 404 1420 in
428 1380 511 1420 acie
536 1380 663 1420 visum
695 1392 764 1420 seu
786 1386 928 1431 suopte
951 1379 1113 1430 ingenio
1147 1392 1217 1418 seu
1238 1379 1380 1419 fiducia
1402 1379 1506 1420 bene
1528 1393 1595 1432 ge-

137 1438 292 1477 rundae
313 1439 383 1477 rei.
435 1437 483 1477 ab
507 1438 646 1478 eodem
668 1437 814 1477 robore
838 1436 959 1476 animi
984 1449 1116 1488 neque
1139 1443 1396 1476 controverso
1420 1438 1596 1490 auspicio

137 1496 314 1536 revocari
336 1507 356 1534 a
377 1495 532 1548 proelio
554 1495 685 1548 potuit
717 1502 755 1534 et
784 1495 823 1533 in
848 1495 933 1546 ipso
957 1493 1206 1543 discrimine,
1241 1506 1319 1545 quo
1342 1495 1489 1547 templa
1512 1495 1594 1536 deis

186 1588 238 1621 14.
264 1589 365 1618 scuto
384 1612 392 1620 .
411 1587 434 1626 .]
461 1596 521 1618 zur
543 1585 652 1618 Sache
679 1584 748 1628 vgl.
776 1586 830 1625 26,

137 1633 193 1673 44,
212 1634 243 1665 7.
269 1651 314 1654 —
340 1631 518 1664 testudine
537 1656 544 1664 .
563 1633 584 1672 .]
615 1642 640 1664 s.
666 1641 706 1663 zu
726 1632 780 1666 43.
801 1634 830 1665 5.

136 1697 183 1703 —
220 1688 312 1720 quae
337 1702 345 1710 .
364 1702 372 1710 .
397 1679 507 1717 muri]
547 1676 601 1710 die
639 1675 735 1710 Teile
773 1676 832 1709 der

138 1723 268 1764 Mauer,
287 1723 420 1756 welche
439 1733 481 1756 zu
496 1722 619 1756 beiden
639 1722 755 1756 Seiten
771 1722 831 1755 des

137 1769 270 1803 Thores
284 1779 413 1803 waren.
437 1788 480 1792 —
500 1769 702 1802 interiora*
717 1769 830 1809 urbis]

137 1826 165 1850 s.
183 1816 240 1855 42,
254 1817 291 1854 43
318 1817 349 1855 5,
365 1817 420 1857 29,
434 1817 466 1849 4.

185 1860 250 1896 42.
275 1863 305 1895 1.
331 1862 507 1903 ignorare
521 1887 529 1895 .
545 1862 568 1901 .]
589 1860 661 1893 dies
684 1860 752 1893 und
771 1859 832 1894 das

138 1907 174 1940 in
199 1908 220 1949 ξ
240 1909 259 1941 2
285 1906 482 1940 Berichtete
507 1907 551 1940 ist
578 1905 831 1949 merkwfirdig;

139 1953 200 1986 der
218 1952 460 1986 Oberfeldherr
478 1953 573 1986 hatte
587 1952 719 1985 danach
734 1953 833 1986 iiber-

139 1999 250 2042 haupt
274 1998 370 2032 nicht
387 1998 548 2042 gewusst,
571 2008 644 2031 was
663 1998 832 2041 geschah;

138 2055 168 2078 s.
186 2046 242 2086 41,
262 2047 317 2080 11.
342 2064 387 2068 -
407 2056 584 2088 praeceps
608 2047 647 2077 in
663 2071 671 2079 .
689 2047 710 2085 .]
739 2055 764 2078 s.
791 2055 832 2078 zu

140 2092 197 2134 25,
211 2092 267 2133 34,
281 2092 335 2124 14.

188 2138 218 2170 2.
256 2137 364 2178 videt]
398 2136 521 2180 gehon-t
551 2137 585 2170 in
615 2136 676 2170 der
701 2136 834 2170 Bedeu-

141 2186 227 2224 tung
262 2178 530 2216 ‘wahrnehmen‘
577 2183 664 2216 auch
705 2193 747 2215 zu
790 2184 832 2215 ab

143 2228 244 2260 laeva
263 2253 271 2261 .
285 2253 293 2262 .
312 2239 402 2267 esse;
428 2238 456 2263 s.
475 2239 517 2262 zu
535 2230 566 2270 6,
582 2231 636 2271 25,
651 2231 682 2264 9.
701 2248 746 2252 -
764 2229 833 2262 cla-

141 2284 277 2307 morem
295 2299 302 2306 .
322 2298 330 2307 .
353 2276 598 2317 pugnantium
632 2285 674 2307 ac
703 2285 835 2317 paven-

143 2319 246 2362 tium]
272 2316 425 2362 ‘Kampf-
447 2319 516 2353 und
534 2318 832 2364 Angstgeschrei';

143 2375 171 2400 s.
197 2376 240 2399 zu
266 2367 321 2407 22,
347 2367 379 2407 5,
405 2367 438 2398 4.

190 2413 222 2446 3.
261 2421 327 2444 nec
363 2414 437 2444 iam
469 2413 631 2454 integri.
651 2439 658 2445 .
682 2414 766 2452 esse]
801 2422 836 2445 er

145 2456 262 2491 konne
287 2457 383 2492 nieht
401 2457 498 2491 mehr
516 2457 578 2490 frei
596 2457 780 2500 verffigem
808 2467 834 2490 s.

146 2504 201 2544 30,
221 2504 275 2545 12,
294 2504 353 2544 20;
379 2503 448 2546 vgl.
468 2506 524 2545 45,
544 2505 597 2545 19,
618 2505 678 2542 14;
705 2514 746 2537 zu
762 2505 834 2545 8,1.

191 2549 224 2581 4.
249 2550 419 2592 ingressi]
446 2549 535 2583 ohne
560 2549 700 2592 Kampf;
732 2559 757 2583 s.
781 2551 836 2591 41,

149 2594 201 2628 14.
226 2613 272 2619 -
290 2597 479 2638 proxima]
507 2597 603 2637 s.41‚
624 2597 676 2630 11.
700 2615 745 2619 —
775 2599 836 2628 ea*

902 1586 1020 1627 par-te]
1048 1584 1092 1617 im
1111 1584 1304 1626 Gegensatz
1330 1595 1373 1618 zu
1391 1585 1450 1619 der
1469 1596 1594 1620 unaus-

904 1629 1071 1672 gedrfickt
1118 1630 1345 1673 gebliebenen
1388 1631 1594 1666 Hinterseite

904 1676 963 1709 der
982 1675 1091 1716 stadt,
1119 1676 1180 1709 aus
1203 1676 1262 1709 der
1288 1677 1361 1710 sich
1383 1677 1442 1711 der
1456 1678 1595 1722 Auszug

903 1721 963 1755 der
988 1721 1197 1755 Einwohner
1226 1722 1259 1755 in
1287 1722 1346 1756 der
1370 1722 1482 1757 Nacht
1507 1724 1595 1757 voll-

903 1768 1005 1801 zieht.

951 1816 981 1846 5.
1020 1814 1121 1846 milia
1149 1815 1281 1856 viginti
1298 1840 1305 1848 .
1326 1818 1346 1857 .]
1385 1815 1439 1849 die
1466 1816 1595 1850 Zahlen

904 1859 980 1892 sind
1018 1860 1097 1893 sehr
1134 1861 1228 1904 gross
1269 1861 1338 1894 und
1375 1862 1596 1896 fibertrieben

905 1906 1010 1947 (wohl
1050 1905 1126 1939 dem
1167 1905 1324 1940 Valerius
1361 1907 1483 1941 Antias
1522 1912 1596 1942 ent-

905 1954 1094 1993 nommen);
1122 1952 1190 1995 vgl.
1210 1951 1308 1986 Nieb.
1326 1952 1393 1989 RG.
1410 1955 1441 1997 3,
1456 1955 1534 1988 462.
1552 1974 1596 1980 -

907 1997 1141 2042 oclt'ngeutl]*

952 2046 983 2077 6.
1018 2055 1091 2077 non
1116 2044 1230 2084 ferme
1255 2046 1367 2077 alium
1386 2070 1393 2078 .
1412 2048 1434 2087 .]
1467 2046 1536 2088 vgl.
1566 2049 1595 2087 Τ,

906 2091 960 2131 33,
980 2092 1007 2124 1.
1035 2110 1076 2114 —
1104 2091 1302 2132 laetiorem]
1317 2091 1386 2135 vgl.
1402 2093 1458 2133 30,
1473 2093 1525 2133 32,
1544 2095 1597 2128 11.

908 2156 948 2160 —
974 2140 1100 2179 suopte
1124 2137 1286 2180 ingenio]
1315 2147 1341 2171 s.
1364 2139 1513 2180 1‚1S‚4;
1541 2138 1595 2172 die

906 2182 1106 2223 bleibende,
1150 2183 1216 2216 alle
1256 2184 1435 2217 einzelnen
1473 2183 1597 2227 Eigen-

906 2228 1063 2262 schaften
1085 2228 1305 2262 umsassende
1325 2228 1594 2272 Geistesanlage.

905 2294 949 2298 —
974 2274 1123 2315 fiducia]
1139 2274 1198 2308 das
1214 2274 1511 2308 Selbstvertrauen
1527 2276 1596 2309 und

907 2320 961 2353 die
999 2320 1191 2353 Sieherheit
1229 2321 1263 2353 in
1301 2319 1379 2353 dem
1416 2321 1596 2355 einzelnen

906 2366 1012 2399 Falle.

954 2414 985 2445 7.
1013 2413 1054 2444 ab
1073 2412 1194 2445 eodem
1209 2413 1248 2452 ..]
1267 2411 1397 2455 infolge
1415 2412 1596 2446 derselben

907 2457 1072 2499 Euergie,
1112 2457 1166 2491 die
1201 2458 1275 2490 sich
1308 2458 1394 2491 auch
1426 2458 1459 2491 in
1486 2458 1598 2493 seiner

908 2502 1129 2546 Freudigkeit
1155 2504 1358 2546 aussprach;
1389 2504 1474 2538 fiber
1499 2507 1542 2538 ab
1570 2516 1596 2539 s.

908 2559 949 2581 zu
969 2551 1000 2590 5,
1020 2549 1048 2582 2.
1069 2568 1111 2573 —-
1129 2560 1242 2592 neque
1257 2575 1264 2582 .
1279 2574 1287 2583 .
1302 2552 1349 2591 et]
1368 2551 1596 2595 entsprechen

908 2594 992 2630 sich.
1032 2614 1078 2620 —
1117 2598 1308 2630 revocari.
1328 2597 1349 2637 .]
1377 2596 1436 2630 der
1460 2599 1520 2639 40,
1554 2600 1594 2632 11

1627 753 1645 786 2

1627 869 1644 901 3

1628 1100 1648 1132 4

1628 1168 1647 1189 o

1629 1330 1648 1362 6

1629 1424 1647 1481 7'
