1731 2796
51 1375 88 1408 10

136 107 159 144 6
649 104 774 138 LlBER
799 104 892 138 vnn.
931 104 1024 138 CAP.
1051 106 1082 140 3.
1387 121 1413 142 a.
1435 123 1466 143 u.
1487 114 1589 142 c.433.

133 221 250 262 mus‘?
301 222 394 261 dum
425 222 522 261 haec
554 220 810 261 inminebunt
840 221 941 273 iuga,
976 233 1050 272 qua
1082 227 1125 260 tu
1156 221 1202 260 ad
1235 220 1389 260 hostem
1421 218 1588 260 venias?

133 280 271 320 armati
303 280 498 324 inermes,
533 279 654 318 fortes
687 279 827 330 ignavi,
860 278 1008 330 pariter
1041 290 1180 317 omnes
1212 277 1317 329 capti
1349 283 1466 329 atque
1496 277 1587 317 victi

132 349 293 385 sumus;
340 350 389 376 ne
421 337 570 376 serrum
603 336 762 388 quidem
795 336 841 375 ad
873 335 977 375 bene
1011 335 1260 375 moriendum
1293 334 1499 375 oblaturus
1529 341 1588 375 est.

132 395 279 442 hostis;
312 395 455 434 sedens
478 394 624 434 bellum
648 390 857 433 conficiet?
911 393 970 432 his
1003 393 1041 432 in
1076 393 1199 432 vicem
1223 391 1478 433 sermonibus
1510 404 1586 444 qua

132 452 223 499 cibi,
256 464 332 503 qua
356 451 498 503 quietis
521 451 716 490 inmemor
740 464 817 490 nox
839 450 1017 489 traducta
1041 456 1111 489 est.

245 509 302 548 Ne
325 508 569 549 Samnitibus
601 508 758 560 quidem
783 507 992 547 consilium
1026 507 1065 546 in
1098 514 1177 547 tam
1208 507 1319 547 laetis
1349 506 1583 559 suppetebat

131 566 273 613 rebus;
297 567 429 617 itaque
451 566 624 605 universi
649 565 895 605 Herennium
919 565 1119 612 Pontium,
1142 570 1296 616 patrem
1320 564 1583 616 imperatoris.

127 636 201 676 per
222 624 370 663 litteras
393 623 681 663 consulendum
705 628 883 662 censent.
936 622 1010 661 iam
1038 622 1069 661 is
1091 622 1218 674 gravis
1238 622 1354 662 annis
1376 634 1458 661 non
1482 621 1584 661 mili-

129 680 280 720 laribus
311 681 438 720 solum
472 681 538 720 sed
573 679 752 719 civilibus
784 692 944 731 quoque
977 679 1221 719 abscesserat
1251 679 1505 727 muneribus;
1542 679 1581 718 in

128 750 296 789 corpore
319 744 450 777 tamen
475 738 629 777 adfecto
652 737 803 789 vigebat
825 737 882 776 vis
903 736 1022 775 animi
1042 736 1290 787 consiliique.
1332 737 1364 776 is
1385 735 1454 775 ubi
1469 748 1582 776 acce-

127 796 185 847 pit
206 795 251 833 ad
281 795 453 834 furculas
471 794 666 834 Caudinas
696 795 800 833 inter
830 793 929 833 duos
951 793 1072 833 saltus
1095 793 1248 833 clausos
1271 805 1356 833 esse
1387 793 1583 833 exercitus

125 853 346 893 Romanos.
387 852 594 892 consultus
626 852 673 890 ab
707 852 848 891 nuntio
882 851 949 890 filii
982 851 1138 890 censuit
1170 863 1309 890 omnes
1340 850 1432 890 inde
1464 862 1580 902 quam

124 911 295 961 primum
330 910 537 949 inviolatos
568 909 835 949 dimittendos.
898 921 998 959 quae
1030 908 1097 948 ubi
1129 914 1261 960 spreta
1293 908 1491 948 sententia
1524 914 1583 948 est

123 968 348 1018 iterumque
367 967 503 1006 eodem
523 973 725 1006 remeante
744 966 885 1005 nuntio
901 965 1197 1012 consulebatur,
1220 965 1376 1005 censuit
1391 965 1437 1004 ad
1456 977 1582 1005 unum

124 1037 264 1064 omnes
296 1025 606 1064 interficiendos.
659 1036 759 1075 quae
792 1023 858 1063 ubi
891 1030 969 1062 tam
1002 1023 1196 1063 discordia
1219 1022 1323 1062 inter
1345 1035 1387 1062 se
1408 1022 1514 1062 velut
1536 1035 1579 1062 ex

122 1082 284 1134 ancipiti
319 1082 479 1121 oraculo
511 1094 700 1133 responsa
734 1081 820 1120 data
853 1087 969 1127 sunt,
1010 1092 1249 1132 quamquam
1287 1079 1391 1120 filius
1422 1080 1507 1132 ipse
1539 1080 1578 1119 in

122 1140 260 1190 primis
282 1140 358 1178 iam
376 1140 550 1178 animum
570 1151 730 1190 quoque
753 1138 876 1190 patris
893 1139 1152 1178 consenuisse
1175 1138 1214 1177 in
1234 1138 1387 1177 adfecto
1410 1149 1580 1189 corpore

121 1197 295 1240 rebatur,
328 1204 459 1235 tamen
484 1209 685 1236 consensu
710 1196 888 1235 omnium
912 1195 1037 1235 victus
1059 1201 1129 1243 est,
1161 1201 1205 1234 ut
1230 1195 1360 1247 ipsum
1382 1195 1423 1234 in
1446 1195 1580 1234 consi·

119 1253 212 1292 lium
238 1254 395 1293 acciret.
438 1266 513 1293 nec
530 1260 712 1305 gravatus
733 1266 855 1292 senex
878 1253 1055 1304 plaustro
1074 1253 1113 1291 in
1133 1259 1259 1291 castra
1277 1252 1423 1292 dicitur
1439 1251 1579 1292 advec-

119 1317 183 1351 tus
215 1317 455 1362 vocatusque
488 1312 527 1350 in
561 1311 771 1351 consilium
813 1311 863 1349 ita
903 1312 1026 1349 ferme
1058 1310 1215 1349 locutus
1246 1322 1356 1355 esse,
1396 1316 1440 1349 ut
1479 1309 1578 1349 nihil

118 1370 337 1408 sententiae
360 1381 453 1408 suae
478 1374 661 1414 mutaret,
694 1380 832 1407 causas
854 1373 1005 1406 tantum
1028 1367 1222 1406 adiceret:
1255 1367 1390 1419 priore
1414 1379 1456 1406 se
1479 1379 1578 1406 con-

118 1471 278 1510 2=e711'a.5*]
301 1469 360 1503 der
378 1469 593 1510 Konjunktiv
612 1480 732 1512 wegen
750 1469 809 1502 des

118 1516 345 1559 allgemeinen
362 1515 568 1549 Gedankens
586 1516 661 1553 (mit
677 1514 809 1548 tuwird

116 1561 190 1594 hier
217 1561 316 1595 keine
343 1562 540 1595 bestimmle
559 1560 686 1594 Person
707 1571 811 1604 ange—

116 1606 237 1648 redet).
265 1627 307 1631 -—
330 1609 473 1650 par-iter
491 1609 621 1648 omnes]
650 1607 731 1640 sassi
750 1607 810 1640 das

118 1652 407 1696 Vorhergehende
426 1663 635 1691 zusammen,
655 1653 721 1686 wie
740 1652 810 1686 Cic.

117 1698 157 1731 ad
185 1699 301 1737 (mint.
327 1699 364 1733 sr.
393 1701 423 1739 3
451 1701 480 1739 1,
501 1701 720 1741 10:0mn1·,a
744 1701 810 1731 mi-

115 1755 214 1777 mma
240 1746 413 1777 maoetQma
453 1763 500 1769 —
532 1745 719 1777 oblaturm
745 1747 808 1786 est]

176 1785 516 1833 ,entgegenhaitenffi
555 1810 598 1814 —
628 1792 713 1823 hene
736 1801 809 1822 mo-

115 1815 294 1877 riehdum]
322 1837 391 1879 vgi.
415 1838 469 1876 21,
491 1838 545 1878 42,
564 1839 600 1870 4:
628 1838 713 1869 bene
738 1847 809 1869 mo-

116 1884 288 1914 rientium
312 1880 476 1920 fortuna.

163 1930 195 1961 4.
230 1930 268 1959 in
302 1930 426 1969 vicem]
460 1938 486 1960 s.
522 1938 562 1960 zu
595 1928 658 1968 43,
688 1929 739 1960 17.
765 1946 810 1950 —

118 1984 188 2016 qua
204 1998 211 2005 .
227 1997 234 2005 .
250 1975 332 2015 qna]
352 1983 378 2005 s.
398 1975 428 2015 8,
447 1975 477 2007 3.
494 1974 626 2013 41,16;
654 1983 694 2005 zu
711 1974 741 2013 2,
755 1974 811 2013 35,

117 2021 219 2052 4.-
245 2021 420 2051 inmemor
440 2019 550 2059 noa-*]
576 2018 645 2060 vgl.
662 2020 691 2057 Ἰ,
707 2020 761 2052 31.
776 2019 807 2052 8

116 2064 188 2098 Liv.
225 2064 358 2097 scheint
390 2074 452 2096 nur
486 2064 584 2097 eine
600 2043 723 2096 Nac'ht
755 2063 808 2096 bis

116 2120 176 2142 zur
198 2109 377 2152 Ubergabe
403 2109 658 2146 anzunehmen;
687 2108 808 2142 anders

116 2155 270 2209 Appian:
302 2152 499 2209 διέτριψαν
520 2156 576 2187 ἔτι
595 2151 746 2187 ἄλλοις(
725 2156 810 2197 ημέ-

117 2212 197 2246 ρας
239 2197 432 2234 ὀκνοῦντες
473 2197 632 2240 ἀνάξιόν
671 2212 708 2233 τι
747 2200 811 2241 τῆς

117 2244 259 2280 πόλεως
284 2245 529 2290 ἐργάσασθαι.
560 2266 605 2270 -
641 2246 810 2278 traducta

117 2294 182 2333 est]
201 2303 229 2326 s,
248 2293 303 2329 32
321 2294 352 2326 2.
368 2312 410 2316 -
428 2294 671 2336 πηρεναίονηῖς]
690 2302 716 2325 s.
732 2294 762 2332 1,
779 2293 810 2325 2.

165 2341 194 2371 5.
226 2340 311 2380 iam]
349 2339 395 2371 ist
429 2337 694 2371 nachdrficklich
732 2347 810 2370 vor-

119 2384 304 2427 angestellt
323 2385 389 2417 wie
409 2386 439 2424 2,
455 2386 491 2423 4;
511 2383 632 2417 anders
651 2385 682 2425 3,
698 2384 752 2424 58,
774 2386 807 2422 1;

118 2430 188 2472 vgl.
209 2433 238 2467 5,
258 2431 312 2470 34,
330 2431 362 2463 3.
388 2449 433 2453 —
458 2431 677 2462 abscesserat
689 2439 811 2461 mune.-

118 2476 232 2515 ribus]
265 2474 324 2507 der
349 2475 462 2509 blosse
488 2475 565 2508 Abi.
593 2475 728 2508 sowohl
753 2475 808 2508 bei

118 2520 262 2562 Angabe
272 2531 339 2553 von
352 2519 607 2564 Thatigkeiten,
622 2532 688 2554 von
699 2520 808 2554 denen

119 2575 197 2598 man
223 2565 295 2598 sich
322 2570 480 2609 getrennt
506 2567 564 2599 hat
596 2568 664 2607 (36,
688 2568 743 2609 35,
772 2569 807 2605 1;

882 1471 935 1507 37,
963 1470 1024 1510 25,
1050 1469 1103 1509 2),
1135 1468 1185 1501 ais
1217 1467 1305 1500 auch
1339 1467 1393 1501 bei
1428 1466 1575 1501 Ortlich-

881 1514 996 1548 keiten
1024 1515 1093 1553 (36,
1111 1515 1162 1555 12,
1180 1515 1240 1550 11:
1268 1514 1322 1555 38,
1343 1514 1464 1555 38‚6);
1492 1513 1574 1547 aber

882 1561 935 1594 bei
964 1560 1129 1593 letzteren
1157 1560 1250 1593 steht
1275 1558 1432 1602 haufiger
1456 1561 1511 1593 ab.
1529 1579 1572 1584 —

881 1607 1040 1648 vigebat]
1069 1605 1138 1647 vgl.
1158 1607 1189 1645 6,
1208 1606 1263 1647 22,
1282 1607 1312 1638 7.

928 1654 958 1685 6.
999 1653 1029 1683 is
1053 1652 1129 1692 nbi]
1162 1651 1250 1684 dann
1278 1650 1367 1694 folgt
1397 1661 1489 1694 quae
1513 1652 1577 1683 ubi

881 1697 950 1731 und
982 1697 1160 1731 nochmals
1195 1707 1286 1740 quae
1318 1698 1390 1730 ubi.
1427 1716 1471 1721 —-
1514 1697 1574 1739 ad]

874 1738 937 1776 ‘in’
948 1757 954 1782 3
981 1751 1018 1776 s.
1035 1753 1075 1776 zu
1106 1745 1134 1785 1,
1153 1744 1208 1784 20,
1227 1745 1259 1776 5.
1299 1762 1341 1766 —
1380 1743 1571 1783 emer-citus]

880 1789 935 1823 die
961 1789 1049 1822 zwei
1076 1788 1382 1827 konsularisehem
1407 1798 1434 1823 s.
1451 1788 1473 1832 ξ
1493 1790 1546 1823 10.

927 1838 944 1847 .-

934 1850 958 1868 ι.
984 1837 1046 1867 nbi
1061 1837 1183 1876 spreta
1201 1859 1209 1867 .
1229 1859 1237 1868 .

895 1883 952 1921 ur]
979 1891 1006 1914 s.
1026 1891 1066 1913 zu
1086 1882 1141 1921 24,
1158 1882 1188 1921 1,
1202 1882 1233 1913 6.

927 1928 959 1960 8.
985 1927 1139 1968 ancipiti
1165 1924 1327 1969 oraculo]
1354 1925 1409 1958 ein
1436 1924 1572 1965 Orakel,

881 1972 941 2005 das
981 1971 1210 2013 zweideutige
1247 1970 1403 2014 Sprsiche
1447 1970 1572 2003 erteilt.

879 2037 923 2041 —
947 2017 1046 2057 dala]
1065 2017 1133 2059 vgl.
1153 2018 1184 2057 8,
1203 2018 1256 2056 24,
1271 2018 1309 2049 2;
1336 2016 1423 2049 data
1442 2016 1572 2054 dictim

881 2062 1003 2095 anders
1019 2072 1212 2105 reponsum
1237 2061 1336 2101 ferre
1361 2063 1393 2104 3,
1409 2063 1464 2103 34,
1482 2065 1511 2096 1.
1530 2081 1573 2086 —-

881 2118 1057 2140 consensu
1083 2109 1242 2140 omnium
1258 2109 1375 2140 victus
1392 2110 1454 2150 est,
1470 2111 1513 2140 ut
1527 2133 1535 2140 .
1551 2110 1572 2148 .]

881 2154 975 2187 diese
1009 2163 1098 2197 pers.
1132 2152 1268 2186 Konstr.
1302 2154 1364 2186 mit
1396 2157 1438 2186 ut
1466 2152 1573 2186 findet

881 2199 954 2233 sich
973 2209 1036 2232 nur
1049 2199 1139 2238 hier;
1159 2198 1248 2232 ohne
1263 2198 1391 2241 Objekt
1408 2202 1485 2242 sagt
1500 2199 1572 2232 Liv.

882 2256 920 2278 so
948 2246 978 2283 3,
995 2246 1050 2285 29,
1064 2246 1102 2278 S:
1127 2244 1225 2287 plebs
1237 2247 1336 2287 vicit,
1353 2249 1396 2278 ut
1407 2247 1573 2288 quintum

882 2291 1020 2323 eosdem
1039 2291 1203 2323 tribunos
1220 2294 1402 2330 erem-enh
1423 2292 1455 2332 4,
1471 2291 1526 2332 25,
1543 2291 1573 2324 1.

880 2335 1003 2379 Haufig
1035 2336 1080 2369 ist
1112 2336 1165 2369 bei
1198 2336 1268 2369 ihm
1301 2336 1356 2369 die
1388 2335 1572 2379 Wendung

881 2392 1055 2415 consensu
1070 2383 1202 2414 victus:
1222 2383 1254 2423 2,
1269 2384 1322 2423 57,
1337 2384 1374 2421 4;
1392 2383 1424 2422 3,
1437 2383 1492 2423 52,
1509 2383 1570 2417 10:

882 2431 912 2469 5,
930 2430 962 2468 9,
981 2429 1019 2467 8,
1050 2430 1102 2469 10,
1123 2429 1175 2468 13,
1196 2428 1238 2461 12
1263 2439 1296 2461 u.
1316 2437 1347 2462 a.
1380 2447 1424 2451 —
1457 2429 1573 2460 consi-

881 2475 981 2514 lium]
1016 2472 1211 2515 Kriegsrat‚
1244 2472 1467 2507 verschieden
1502 2483 1570 2507 von

881 2519 1073 2553 concilium
1100 2521 1131 2561 7,
1149 2521 1204 2560 31,
1224 2520 1276 2552 11.
1309 2538 1354 2543 —
1378 2519 1473 2551 nihil
1495 2529 1572 2551 sen-

881 2567 1017 2598 tentiae
1033 2575 1120 2598 suae
1135 2567 1302 2606 mutaret]
1321 2575 1347 2599 s.
1366 2575 1407 2598 zu
1423 2565 1454 2608 3,
1469 2566 1524 2606 64,
1539 2567 1569 2598 7.

1256 1837 1308 1867 est
1320 1859 1328 1868 .
1343 1859 1351 1868 .
1369 1835 1576 1868 consuleba-
