1731 2796
102 538 120 569 6

102 652 120 662 μ

102 822 120 853 S

103 994 122 1026 9

153 72 234 110 124
288 47 294 53 .
646 73 771 107 LIBER
795 73 861 107 Vll.
909 73 1002 107 CAP.
1030 75 1082 108 10.
1300 91 1326 111 a.
1347 90 1377 111 u.
1398 91 1424 112 e.
1444 85 1504 112 ³93.
1524 84 1586 112 394.

153 189 281 240 inquit
308 183 370 228 ‘ac
393 189 535 240 pietate
558 189 597 228 in
621 195 772 241 patrem
794 189 1051 241 patriamque,
1084 189 1128 228 T.
1159 189 1291 233 Manli,
1323 194 1418 229 esto.
1469 201 1590 240 perge

152 252 190 285 et
221 258 366 285 nomen
399 246 621 285 Romanum
651 246 839 285 invictum
861 245 1084 286 iuvantibus
1116 245 1175 285 dis
1205 240 1384 298 praesta'.
1436 251 1591 285 armant

152 302 244 342 inde
266 303 448 342 iuvenem
470 303 673 354 aequales;
704 303 886 354 pedestre
906 310 1060 343 scutum
1082 303 1197 355 capit,
1220 303 1396 354 Hispano
1418 303 1591 355 cingitur

152 360 280 412 gladio
303 359 347 398 ad
369 360 596 412 propiorem
618 359 735 399 habili
758 373 952 412 pugnam3
974 366 1167 399 armatum
1188 361 1500 411 adornatumque
1522 360 1589 399 ad-

152 429 286 457 versus
309 416 459 456 Gallum
482 417 621 456 stolide
643 417 789 456 laetum
811 423 850 456 et
878 440 930 446 —
953 418 1139 468 quoniam
1163 417 1198 456 id
1223 429 1382 468 quoque
1401 417 1590 456 memoria

152 473 313 526 dignum
346 474 518 525 antiquis
541 474 663 513 visum
687 480 745 513 est
765 497 820 502 —
849 474 1024 526 linguam
1046 475 1163 513 etiam
1185 473 1232 513 ab
1258 474 1384 513 inrisu
1405 486 1591 514 exseren-

150 537 228 570 tem
251 532 488 583 producunt.
529 531 728 582 recipiunt
748 531 839 570 inde
861 544 902 571 se
924 532 969 570 ad
993 531 1215 578 stationem,
1238 537 1277 570 et
1297 531 1375 570 duo
1397 531 1437 570 in
1460 531 1590 570 medio

153 588 288 627 armati
318 587 532 639 spectaculi
559 587 681 638 magis
711 599 821 627 more
852 600 967 639 quam
997 588 1083 639 lege
1105 587 1196 627 belli
1217 588 1497 635 destituuntur,
1521 600 1591 626 ne-

152 656 347 696 quaquam
365 645 449 684 visu
466 656 509 683 ac
527 645 658 696 specie
674 645 970 684 aestimantibus
988 657 1112 696 pares.
1151 657 1295 696 corpus
1311 645 1422 684 alteri
1439 645 1593 696 magni—

152 701 287 741 tudine
309 701 506 747 eximium,
532 701 758 740 versicolori
777 708 884 741 veste
904 702 1100 754 pictisque
1124 707 1163 741 et
1179 714 1275 740 auro
1299 702 1453 741 caelatis
1471 701 1592 741 reful-

154 771 252 811 gens
272 759 411 805 armis;
434 758 559 797 media
582 758 622 797 in
644 758 766 797 altero
790 759 965 798 militaris
985 765 1132 798 statura
1156 758 1386 810 modicaque
1413 759 1453 797 in
1476 758 1595 798 armis

151 815 346 855 habilibus
366 815 488 865 magis
509 827 627 866 quam
646 815 800 855 decoris
820 816 981 867 species.
1024 828 1103 854 non
1128 822 1279 863 cantus,
1307 828 1388 854 non
1410 815 1594 855 exultatio

154 884 432 924 armorumque
463 872 620 924 agitatio
641 884 753 920 vana,
776 872 842 912 sed
864 879 1003 925 pectus
1031 873 1253 912 animorum
1276 873 1436 924 iraeque
1456 872 1596 911 tacitae

153 930 339 981 plenum;
372 941 529 968 omnem
559 929 745 968 ferociam
776 930 814 968 in
839 929 1047 970 discrimen
1070 930 1200 981 ipsum
1225 929 1452 969 certaminis
1471 929 1596 969 distu-

152 987 262 1026 lerat.
300 986 366 1026 ubi
389 986 601 1026 constitere
623 987 727 1026 inter
748 986 844 1026 duas
866 987 980 1033 acies,
1003 993 1062 1026 tot
1083 987 1186 1026 circa
1207 987 1432 1026 mortalium
1453 986 1596 1025 animis

153 1056 223 1095 spe
245 1050 432 1095 metuque
453 1043 734 1095 pendentibus,
767 1043 900 1084 Gallus
931 1043 1036 1083 velut
1057 1043 1180 1083 moles
1201 1056 1374 1096 superne
1395 1043 1598 1083 inminens

152 1101 332 1152 proiecto
363 1101 469 1141 laeva
501 1106 612 1140 scuto
643 1100 683 1139 in
717 1101 961 1140 advenientis
993 1112 1099 1140 arma
1130 1100 1254 1141 hostis
1279 1113 1421 1140 vanum
1453 1100 1595 1140 caesim

154 1215 287 1245 victum
313 1237 320 1245 .
347 1237 355 1245 .
378 1214 535 1254 praesta]
565 1222 591 1245 s.
622 1214 672 1253 10,
701 1213 752 1253 14,
781 1214 839 1245 11:
912 1211 1089 1245 Claudius:
1129 1223 1169 1244 ea
1206 1214 1408 1254 congressio
1443 1213 1483 1245 in
1517 1214 1597 1255 ipso

156 1260 326 1290 invictam
356 1258 514 1300 gloriam
539 1260 738 1300 praestent3
772 1257 841 1299 vgl.

158 1305 189 1345 9,
206 1306 258 1345 17,
272 1306 303 1343 4,

205 1351 235 1382 5.
267 1349 434 1391 pedestri]
468 1357 494 1381 s.
525 1349 556 1387 6,
583 1349 612 1388 8,
639 1349 670 1382 6.
695 1367 739 1372 —
765 1348 843 1379 His-

152 1395 264 1437 pano]
290 1394 344 1427 ein
370 1394 512 1433 kurzes,
537 1393 843 1435 zweisclineidiges

159 1439 329 1477 Schwert;
357 1450 382 1472 s.
408 1441 461 1476 22,
484 1441 539 1478 46,
565 1441 603 1472 5;
632 1439 743 1472 Gallis
767 1439 843 1471 His-

155 1488 330 1528 panisque
356 1485 565 1527 ..dispares
590 1496 632 1517 ac
656 1485 844 1516 dissimiles

156 1531 284 1573 gladii,
296 1530 406 1563 Gallis
415 1530 611 1572 praelongi
625 1540 667 1562 ac
680 1532 757 1562 sine
769 1540 844 1562 mu-

160 1578 336 1617 cronibus,
363 1577 520 1618 Hispano
540 1578 704 1618 punctim
730 1578 844 1617 magis

159 1632 266 1664 quam
274 1623 402 1654 caesim
411 1622 555 1654 adsueto
567 1625 685 1664 petere
700 1623 843 1663 hostem,

160 1669 333 1700 brevitate
359 1667 493 1699 habiles
517 1670 550 1698 et
568 1677 646 1699 cum
664 1668 843 1699 mucroni-

160 1714 233 1745 bus.
279 1712 356 1745 Dies
386 1712 463 1745 kam
488 1711 616 1754 jedoch
647 1716 714 1745 erst
739 1713 783 1745 im
811 1713 842 1746 2.

159 1758 348 1801 punischen
368 1757 490 1800 Kriege
508 1758 542 1790 in
561 1757 756 1796 Gebrauch3
775 1757 842 1800 vgl.

162 1805 216 1844 31,
231 1805 284 1843 34,
298 1806 329 1837 4.
371 1802 435 1836 Der
457 1803 746 1836 Anachronismus
765 1803 843 1836 sand

162 1849 234 1882 sich
259 1849 366 1881 sehon
393 1849 446 1881 bei
470 1848 645 1881 Claudius:
670 1852 769 1880 scuto
784 1859 845 1891 pe-

161 1894 273 1926 destri
290 1898 323 1925 et
335 1894 460 1935 gladio
478 1894 670 1935 Hispanico
697 1896 843 1927 cinctus.

161 1957 205 1963 —
219 1942 399 1971 armatum
418 1941 456 1978 ..]
475 1939 542 1980 vgl.
561 1941 590 1979 1,
605 1940 659 1981 25,
676 1941 704 1973 1.
723 1957 762 1963 —
775 1943 844 1970 sto-

161 1984 231 2017 lide
245 1985 388 2024 laetum]
409 1993 435 2016 s.
451 1987 481 2024 5,
492 1985 522 2017 6.
539 2003 580 2007 —
596 1979 842 2025 quoniam]‘da

161 2023 315 2063 einmal':
335 2028 566 2071 entschuldigt
583 2028 637 2061 die
655 2029 844 2071 anstfissige

161 2073 389 2117 Bemerkung.
421 2093 465 2098 -
496 2074 657 2115 linguam
682 2099 690 2107 .
717 2099 724 2106 .
751 2085 846 2106 επε-

162 2121 309 2160 rentem]
327 2130 353 2153 s.
374 2119 520 2152 Gellius:
547 2120 710 2161 linguam
726 2131 844 2151 estser-

162 2169 254 2203 τανες
270 2165 337 2199 Cic.
352 2165 393 2198 de
408 2176 456 2198 or.
467 2166 498 2205 2,
509 2165 573 2198 266
585 2177 592 2196 :
606 2165 845 2197 demonstravi

163 2211 277 2253 digito
296 2212 433 2254 pictum
452 2210 592 2243 Gallum
616 2212 655 2242 in
674 2211 843 2245 Mariano

159 2260 261 2289 scuto
297 2256 471 2289 Cimbrico
505 2255 643 2295 (Marius
677 2256 768 2288 hatte
807 2265 844 2288 es

164 2312 224 2335 aus
249 2301 308 2335 der
333 2301 557 2335 cimbrischen
576 2300 684 2334 Beute
711 2312 762 2334 am
782 2300 845 2333 Fo-

162 2357 237 2380 rum
270 2347 463 2390 aushangen
497 2346 624 2388 lassen)
649 2373 656 2380 .
684 2372 691 2379 .
717 2347 845 2379 distor-

163 2395 255 2429 tum,
294 2395 404 2425 eiecta
438 2394 579 2434 lingum
618 2392 688 2435 vgl.
721 2391 846 2425 Grimm

164 2436 284 2470 Gesch.
311 2437 342 2470 d.
367 2438 520 2471 deutsch.
539 2437 614 2481 Spr.
632 2439 709 2472 635.
733 2456 780 2462 —
803 2439 846 2470 ab

164 2483 292 2523 inrisu]
319 2493 345 2517 s.
367 2485 396 2521 3,
415 2485 466 2522 15,
482 2486 511 2516 7.

212 2529 242 2560 6.
268 2528 350 2570 duo]
370 2537 396 2561 s.
420 2531 449 2569 1,
469 2530 521 2569 13,
540 2529 570 2562 8.
594 2547 638 2553 —-
665 2530 704 2561 in
720 2528 846 2569 medio]

910 1259 1014 1300 ponti
1027 1283 1034 1290 .
1051 1284 1058 1290 .
1072 1256 1173 1297 facta
1199 1261 1258 1291 est.
1277 1277 1319 1282 ——
1338 1257 1597 1300 destituuntur]

912 1303 961 1336 sie
999 1303 1135 1336 werden
1172 1302 1274 1336 allein
1309 1303 1484 1346 gelassen,
1525 1303 1599 1336 sich

912 1348 1120 1381 fiberlassen.
1147 1368 1188 1372 —
1207 1359 1249 1381 ac
1272 1351 1397 1392 specie]
1417 1349 1510 1382 nicht
1534 1351 1604 1382 aut

911 1396 1040 1436 specie,
1068 1394 1146 1427 weil
1170 1396 1270 1426 visus
1285 1394 1354 1428 und
1374 1397 1517 1438 speeies,
1541 1394 1600 1427 Er-

913 1439 1101 1482 scheinuug
1133 1439 1202 1473 und
1227 1439 1376 1480 Gestalt‚
1410 1440 1505 1473 nicht
1530 1449 1600 1473 we-

914 1485 1057 1518 sentlich
1082 1485 1304 1519 verschieden
1331 1485 1417 1520 sind.
1434 1504 1480 1509 —
1496 1486 1603 1518 aesti-

912 1532 1103 1571 mantibus]
1130 1530 1197 1573 vgl.
1216 1532 1246 1571 6,
1274 1533 1326 1571 14,
1345 1533 1374 1565 2.

961 1579 990 1609 7.
1023 1577 1234 1609 versicolori
1276 1579 1381 1618 veste]
1417 1576 1596 1610 Claudius:

913 1622 1040 1654 nudus.
1060 1641 1102 1645 —
1127 1632 1219 1654 auro
1237 1623 1398 1664 caelatis]
1422 1623 1492 1665 vgl.
1510 1621 1598 1657 Plin.

913 1669 967 1707 33,
989 1669 1048 1700 15:
1076 1667 1196 1700 Gallos
1220 1678 1300 1700 cum
1322 1679 1412 1701 auro
1434 1678 1604 1711 pugnare

912 1714 1035 1746 solitos
1052 1712 1252 1756 Torquatus
1265 1714 1400 1746 indicio
1414 1716 1474 1747 est.
1488 1732 1532 1738 —
1545 1724 1600 1746 re-

913 1758 1068 1801 fulgens]
1087 1759 1133 1791 ist
1146 1759 1242 1792 mehr
1255 1759 1469 1792 dichterisch.
1483 1778 1526 1783 —
1541 1759 1599 1792 ‹le-

916 1806 1022 1845 coris]
1038 1821 1080 1832 =
1095 1804 1291 1843 decoratis;
1305 1804 1428 1838 anders
1442 1804 1551 1837 Praer.
1565 1806 1597 1839 6.

961 1851 992 1884 8.
1018 1848 1184 1893 agitatio]
1211 1849 1278 1892 vgl.
1300 1852 1329 1891 1,
1348 1851 1402 1890 25,
1421 1852 1456 1884 5:
1483 1852 1603 1892 agita—

915 1896 963 1927 tio
996 1905 1124 1936 anceps
1153 1895 1305 1927 telorum
1337 1905 1599 1937 armorumque.

914 1958 959 1963 —
982 1940 1054 1980 sed]
1080 1940 1207 1973 ebenso
1239 1939 1323 1972 wird
1354 1940 1408 1973 ein
1434 1939 1514 1973 Satz
1538 1940 1600 1973 mit

915 1987 949 2017 et
984 1985 1176 2026 angereiht;
1210 1994 1236 2018 s.
1262 1995 1303 2018 zu
1331 1987 1365 2024 1,
1390 1987 1445 2026 54,
1470 1987 1522 2019 10.
1556 2004 1572 2009 -

911 2031 1044 2072 pectus]
1070 2040 1096 2062 s.
1123 2032 1152 2070 1,
1170 2032 1224 2069 59,
1244 2031 1279 2069 8;
1306 2029 1452 2064 Gellius:
1478 2033 1599 2064 animo

913 2077 1029 2117 magis
1047 2085 1153 2116 quam
1169 2078 1248 2108 arte
1267 2076 1430 2117 confisus.
1455 2095 1498 2100 —
1522 2078 1601 2109 ani-

914 2122 1064 2160 morum]
1092 2131 1117 2153 s.
1147 2123 1175 2161 1,
1199 2123 1254 2161 34,
1271 2123 1302 2155 4.
1328 2140 1373 2146 -
1397 2122 1600 2164 discrimen]

913 2176 940 2200 s.
967 2167 998 2207 6,
1019 2167 1070 2205 17,
1090 2168 1119 2199 1.
1149 2184 1194 2190 -
1219 2166 1421 2208 distulerat]
1445 2167 1602 2205 schliesst

914 2211 978 2288 dep
997 2210 1114 2253 Erfolg
1139 2212 1208 2250 ein;
1227 2227 1270 2239 =
1295 2212 1378 2245 hielt
1403 2212 1531 2246 zuruck
1547 2213 1600 2247 bis

915 2267 956 2290 au
973 2281 981 2289 .

960 2303 992 2335 9.
1018 2303 1148 2334 animis
1165 2329 1172 2335 .
1198 2327 1206 2335 .
1221 2303 1468 2345 pendentibus]
1493 2313 1519 2337 s.
1546 2304 1603 2345 30,

917 2348 969 2381 22.
997 2366 1039 2370 —
1064 2347 1160 2379 velut
1182 2348 1301 2390 moles]
1325 2348 1384 2382 der
1401 2348 1526 2382 Gallier
1551 2358 1602 2382 er-

917 2392 1049 2425 scheint
1074 2392 1124 2425 als
1149 2392 1265 2434 Riese,
1291 2404 1330 2427 so
1355 2394 1429 2428 dass
1453 2392 1605 2427 Manlius

917 2442 1017 2471 unter
1041 2439 1157 2471 seinen
1185 2438 1301 2472 Schild
1325 2439 1485 2473 kommen
1509 2438 1602 2472 kann

918 2483 985 2516 und
1003 2483 1071 2515 ihm
1091 2494 1152 2516 nur
1171 2484 1222 2517 bis
1241 2495 1282 2517 an
1300 2484 1365 2518 den
1378 2485 1460 2518 Leib
1476 2484 1601 2522 reicht3

919 2538 945 2562 s.
961 2530 981 2571 ᾗ
1000 2531 1050 2562 10.
1070 2530 1166 2562 —in
1184 2530 1405 2563 advenientis
1417 2555 1425 2564 .
1440 2555 1448 2564 .
1461 2530 1603 2570 deiecit}
