1731 2796
108 888 126 920 S

110 1060 128 1092 9

159 81 237 119 176
649 80 775 115 LIBER
799 80 867 114 Vll.
915 80 1009 115 CAP.
1037 83 1089 116 34.

1389 98 1416 118 a.
1438 98 1467 119 u.
1489 98 1515 119 e.
1535 92 1596 120 411.

158 198 199 236 Ρ.
215 197 356 237 Decius
373 197 556 236 tribunus
573 196 738 236 militum
754 197 947 248 conspicit
967 209 1087 236 unum
1106 196 1253 235 editum
1270 195 1311 234 in
1324 195 1424 235 saltu
1440 195 1595 245 collem,

156 255 416 294 inminentem
438 254 608 293 hostium
631 254 788 301 castris,
820 253 926 293 aditu
948 253 1112 292 arduum
1135 252 1316 304 inpedito·
1338 252 1496 303 agmini,
1529 265 1595 292 ex·

156 312 298 364 peditis
327 312 428 351 haud
452 310 662 350 difficilem.
713 311 844 362 itaque
871 310 1023 350 consuli
1044 310 1183 349 territo
1205 309 1324 349 animi
1341 305 1519 348 ‘videsne
1540 303 1592 349 tu'

157 370 306 420 inquit,
325 364 386 407 (Α.
411 367 588 413 Corneli,
612 380 799 407 cacumen
822 367 915 406 illud
931 379 1048 418 supra
1066 365 1248 406 hostem?
1269 378 1336 405 arx
1353 366 1416 405 illa
1438 373 1497 405 est
1512 367 1597 418 spei

157 426 367 477 salutisque
398 432 576 471 nostrae,
606 425 637 464 si
671 436 777 470 eam,
809 423 993 474 quoniam
1022 423 1129 462 caeci
1162 423 1359 474 reliquere
1388 422 1596 471 Samnites,

159 483 313 534 inpigre
336 483 526 534 capimus.
569 493 617 519 ne
639 488 682 519 tu
704 481 798 519 mihi
821 480 910 532 plus
932 492 1047 530 quam
1068 479 1186 519 unius
1207 479 1375 531 legionis
1395 479 1597 532 principes

158 540 406 590 hastatosque
429 538 601 586 dederis3
625 550 714 576 cum
738 537 881 588 quibus
903 536 970 575 ubi
992 549 1150 575 evasero
1174 536 1213 575 in
1236 548 1453 583 summum,
1477 549 1597 588 perge

156 597 248 635 hinc
280 597 387 635 omni
418 595 516 634 liber
548 601 655 633 metu
691 601 808 646 teque
838 600 875 633 et
906 593 1120 632 exercitum
1152 605 1279 641 serva3
1319 605 1449 644 neque
1491 593 1596 632 enim

159 653 304 692 moveri
327 653 469 699 hostis,
499 651 699 691 subiectus
722 651 836 691 nobis
858 651 905 690 ad
927 663 1064 689 omnes
1085 650 1197 697 ictus,
1223 649 1309 689 sine
1330 661 1400 689 sua
1420 650 1597 701 pernicie

158 710 312 761 poterit.
355 723 428 749 nos
449 709 592 747 deinde
615 715 680 747 aut
703 709 862 747 fortuna
883 707 1019 759 populi
1041 706 1209 746 Romani
1234 713 1302 746 aut
1322 713 1457 746 nostra
1477 707 1598 746 virtus

158 760 359 818 expediet.³
407 766 663 805 conlaudatus
681 765 727 804 ab
750 765 913 804 consule
935 770 1097 815 accepto
1123 763 1317 815 praesidio
1338 763 1442 802 vadit
1464 764 1597 802 occul-

157 831 219 863 tus
248 836 319 874 per
347 823 486 863 saltum
528 835 601 861 nec
632 822 741 874 prius
763 822 810 861 ab
832 822 943 861 hoste
973 828 1031 860 est
1051 821 1156 860 visus
1187 832 1305 871 quam
1335 820 1442 868 loco,
1479 833 1597 871 quem

156 880 334 932 petebat,
366 879 705 932 adpropinquavit.
768 879 858 918 iude
891 878 1151 917 admiratione
1181 877 1414 929 paventibus
1445 877 1598 917 cunctis

158 950 246 977 cum
271 938 445 976 omnium
478 937 516 975 in
541 949 581 975 se
603 937 780 975 vertisset
803 935 961 982 oculos,
993 941 1030 974 et
1058 934 1225 986 spatium
1248 933 1402 974 consuli
1424 933 1530 973 dedit
1551 934 1597 973 ad

157 994 457 1034 subducendum
476 1006 615 1044 agmen
640 993 678 1031 in
698 993 921 1044 aequiorem
944 992 1076 1031 locum
1099 997 1136 1030 et
1157 991 1240 1042 ipse
1262 991 1301 1030 in
1324 1003 1478 1031 summo
1501 1003 1597 1030 con-

159 1052 255 1091 stitit
275 1052 431 1090 vertice.
484 1050 698 1097 Samnites,
731 1050 821 1089 dum
845 1050 923 1088 huc
946 1049 1037 1088 illuc
1059 1048 1170 1100 signa
1189 1054 1362 1096 vertunt,
1390 1047 1597 1099 utriusque

160 1109 215 1147 rei
248 1109 387 1148 amissa
421 1108 627 1146 occasione
660 1119 788 1158 neque
818 1106 971 1158 insequi
1002 1105 1206 1145 consulem
1237 1105 1312 1144 nisi
1340 1117 1411 1157 per
1433 1105 1598 1144 eandem

161 1166 317 1211 vallem,
349 1166 388 1204 in
421 1177 496 1216 qua
529 1164 644 1215 paulo
677 1171 765 1203 ante
794 1164 1013 1204 subiectum
1045 1174 1133 1201 eum
1155 1162 1243 1202 telis
1265 1162 1344 1201 suis
1365 1161 1596 1210 habuerant,

160 1229 327 1274 possunt
358 1234 431 1260 nec
463 1221 614 1272 erigere
645 1233 783 1272 agmen
807 1222 845 1260 in
869 1227 1027 1272 captum
1050 1231 1170 1271 super
1191 1232 1232 1259 se
1253 1219 1300 1258 ab
1323 1218 1442 1258 Decio
1463 1225 1596 1258 tumu-

161 1344 298 1385 (infima
324 1344 439 1386 vallis)
466 1344 630 1376 einruckt.
658 1363 700 1367 —-
717 1342 840 1384 unum]
960 1345 990 1375 7.
1011 1342 1210 1385 praesidio]
1237 1341 1291 1375 die
1323 1341 1595 1385 Truppenabtei-

160 1390 418 1433 vorangestellt‚
444 1390 526 1422 heht
551 1389 614 1423 den
633 1387 764 1432 Begriff
782 1387 842 1421 des
913 1387 1012 1430 lung,
1038 1388 1168 1421 welche
1201 1398 1260 1420 zur
1284 1386 1505 1429 Ausffihrung
1538 1386 1598 1420 des

160 1435 348 1468 vereinzelt
374 1434 686 1476 Hervorragenden.
725 1453 768 1458 —-
804 1436 842 1465 in
913 1432 1055 1473 Planes,
1093 1443 1152 1466 zur
1184 1432 1379 1474 Besetzung
1409 1432 1468 1465 der
1503 1431 1598 1465 Hebe

160 1482 267 1522 saltu]
294 1481 347 1514 die
373 1480 467 1514 Hohe
494 1480 576 1522 liegt
601 1481 673 1513 also
704 1480 738 1512 in
765 1478 842 1512 dem

161 1525 266 1559 Passe
293 1526 410 1567 selbst‚
444 1525 607 1558 wahrend
639 1525 692 1558 die
719 1524 843 1558 Feinde

162 1582 224 1604 nur
249 1571 303 1605 die
329 1571 436 1614 Berge
462 1582 503 1604 an
537 1571 601 1604 den
628 1570 743 1604 Seiten
769 1570 845 1603 des·

163 1618 280 1650 selben
298 1618 432 1650 besetzt
453 1617 573 1650 haben.
588 1636 631 1640 -—
652 1616 755 1649 aditu
786 1627 844 1648 ar-

163 1663 284 1702 duum]
309 1663 378 1705 vgl.
403 1662 484 1696 Sall.
503 1662 579 1705 Jug.
600 1664 654 1701 94,
674 1663 703 1696 2.
724 1681 763 1685 —
783 1672 844 1694 eoe·

160 1709 292 1750 peditis
324 1709 421 1741 haud
453 1707 654 1749 difficilem]
686 1707 755 1750 vgl.
788 1709 842 1749 40,

207 1801 238 1832 4.
265 1801 390 1840 animi]
417 1808 442 1831 s.
469 1799 522 1837 30,
556 1800 617 1837 22;
650 1797 731 1831 Sall.
758 1797 842 1832 Hist.

160 1844 203 1877 IV
237 1846 305 1885 (49)
337 1847 372 1877 7:
411 1845 606 1876 exterritos
642 1845 764 1876 animi.
800 1862 842 1867 —

163 1892 341 1930 cacumen]
356 1899 381 1922 s.
400 1888 485 1922 Gell.
501 1890 532 1929 3,
547 1892 578 1929 7,
593 1890 629 1922 6:
647 1899 844 1922 verrucam.

162 1953 205 1958 ——
229 1945 339 1976 supra
371 1935 516 1975 hostem]
551 1935 615 1967 wie
644 1934 767 1966 vorher
790 1936 845 1965 in-

161 1981 368 2016 minentem;
403 1979 457 2011 die
491 1978 615 2012 Feinde
641 1983 778 2021 geraten
805 1988 842 2011 so

161 2025 194 2058 in
210 2023 468 2066 dieselbeLage,
482 2025 515 2056 in
531 2024 589 2057 der
603 2024 662 2056 das
676 2023 844 2056 romische

162 2069 247 2103 Heer
276 2070 321 2103 ist
354 2070 543 2109 (subiectus
578 2071 678 2101 nobis
703 2093 710 2101 .
737 2071 768 2110 .).
799 2087 844 2093 -—

163 2117 244 2156 arx]
270 2125 297 2148 s.
324 2116 354 2156 3,
372 2116 427 2154 45,
447 2116 482 2152 8;
510 2115 541 2153 6,
561 2116 614 2155 37,
635 2116 692 2151 10;
711 2108 844 2146 ===‘der

164 2156 262 2195 Fels².
281 2180 323 2184 -
348 2160 537 2202 reliquere]
565 2159 673 2192 haben
700 2159 759 2191 srei
787 2169 844 2202 ge·

162 2207 292 2245 lassen3
319 2205 388 2248 vgl.
415 2207 445 2247 3,
471 2207 526 2246 35,
552 2206 585 2241 2:
617 2207 647 2245 5,
673 2205 727 2245 42,
753 2207 782 2237 7.
800 2223 843 2228 -

164 2253 334 2294 capimus]
360 2261 386 2284 s.
414 2252 443 2292 2,
470 2252 524 2291 45,
553 2251 605 2284 13.

210 2311 240 2343 5.
266 2319 309 2340 ne
334 2333 341 2340 .
361 2333 368 2341 .
395 2307 544 2347 dederis]
571 2317 596 2340 s.
623 2308 683 2347 40,
716 2307 767 2339 12.
799 2324 844 2330 -

158 2354 242 2396 plus
259 2355 376 2395 quam]
401 2354 435 2386 in
460 2353 519 2386 der
543 2353 698 2395 sp'ateren
717 2351 842 2393 Legion

164 2403 252 2431 etwa
280 2400 366 2432 2400
396 2397 460 2439 M.;
487 2398 540 2431 bei
575 2397 719 2431 Gellius:
759 2407 842 2439 qua-

164 2443 358 2485 dringenti.
375 2462 417 2467 -
434 2445 609 2476 subiectus
626 2444 673 2475 ad
689 2470 695 2476 .
717 2469 723 2476 .
739 2444 841 2483 ictus]

164 2488 291 2521 ebenso
317 2490 369 2529 26,
396 2491 451 2530 46,
479 2491 515 2527 1;
542 2490 596 2529 36,
623 2490 676 2530 18,
703 2491 738 2526 7;
773 2489 841 2530 vgl.

164 2544 206 2566 zu
231 2535 261 2576 9,
288 2535 342 2575 35,
369 2535 405 2568 6:
433 2536 612 2577 expositos
637 2534 684 2566 ad
705 2536 805 2566 ictus.

915 1478 1164 1511 kommandiert
1180 1477 1276 1511 wird.
1295 1497 1332 1501 —
1357 1478 1468 1518 vadit]
1495 1487 1520 1510 s.
1546 1479 1598 1519 16,

916 1526 952 1563 5;
979 1526 1010 1563 2,
1029 1527 1082 1565 10,
1101 1526 1131 1557 5.
1150 1543 1193 1547 —
1208 1524 1366 1556 occultus
1376 1534 1442 1566 per
1454 1523 1598 1565 saltum]

914 1580 941 1603 s.
975 1569 1082 1603 Praes.
1117 1572 1173 1608 11;
1210 1569 1275 1602 wie
1312 1568 1384 1602 dies
1422 1568 1509 1601 habe
1541 1579 1599 1611 ge-

914 1614 1063 1648 schehen
1082 1614 1230 1655 konnen,
1256 1614 1296 1647 da
1323 1614 1377 1647 die
1401 1613 1526 1647 Feinde
1544 1614 1598 1647 die

914 1659 1031 1693 Hohen
1050 1661 1182 1693 besetzt
1200 1660 1322 1701 haben,
1334 1659 1380 1693 ist
1393 1660 1486 1692 nicht
1501 1659 1598 1692 deut-

913 1706 997 1744 lich;
1014 1704 1146 1738 'anders
1170 1705 1224 1738 bei
1250 1705 1392 1740 Gellius·

960 1764 990 1796 8.
1017 1762 1256 1795 admiratione
1275 1763 1500 1804 paventibus]
1535 1772 1599 1795 vor

915 1807 1066 1841 Staunen
1085 1807 1218 1840 bebend
1235 1807 1353 1840 hatten
1378 1808 1428 1840 sie
1445 1807 1511 1840 alle
1534 1806 1598 1840 Be-

915 1853 1118 1886 sonnenheit
1136 1852 1310 1891 verloren;
1336 1852 1405 1895 vgl.
1426 1851 1486 1885 Ov.
1505 1852 1596 1887 Fast.

917 1900 954 1940 3⁷
981 1900 1065 1933 362:
1102 1898 1280 1931 sollicitae
1310 1900 1443 1929 mentes
1467 1908 1598 1940 speque

915 1947 1079 1986 metuque
1100 1946 1241 1986 pavent.
1275 1962 1320 1966 —
1353 1944 1503 1983 cunctis]
1530 1943 1597 1976 alle

914 1999 1121 2028 zusammen,
1140 1988 1233 2020 nicht
1258 1987 1412 2021 einzelne
1436 1987 1510 2021 hier
1527 1988 1597 2021 und

914 2033 971 2073 da;
999 2034 1058 2066 das
1086 2032 1245 2076 folgende
1271 2034 1429 2065 omnium
1453 2050 1496 2062 =
1519 2033 1596 2075 alle,

914 2078 1037 2111 keinen
1064 2078 1360 2119 ausgeschlossen.
1386 2097 1430 2102 -—
1456 2089 1535 2111 cum
1561 2103 1569 2112 .
1588 2104 1596 2112 .

915 2125 1048 2164 oculos]
1065 2126 1154 2157 murs
1172 2123 1279 2156 sehon
1297 2134 1357 2156 vor
1375 2123 1449 2157 dem
1463 2135 1596 2166 pavere

914 2170 1123 2212 eingetreten
1150 2169 1222 2202 sein
1247 2168 1316 2201 und
1342 2168 1438 2212 giebt
1458 2179 1522 2203 nur
1538 2179 1596 2213 ge-

914 2224 1016 2247 nauer
1041 2224 1101 2255 an,
1133 2214 1198 2247 wie
1223 2213 1283 2247 das
1308 2213 1481 2257 Folgende
1506 2215 1595 2248 habe

914 2259 1105 2302 geschehen
1131 2259 1280 2293 konnen.
1305 2279 1350 2284 —
1375 2262 1594 2303 aequiorem]

913 2314 973 2337 aus
999 2304 1058 2337 der
1076 2315 1162 2338 cava
1179 2306 1284 2338 vallis
1301 2305 1446 2345 zurfick3
1472 2315 1498 2339 s.
1517 2305 1538 2348 ξ
1556 2307 1593 2339 9:

907 2361 974 2393 per
999 2350 1145 2382 eandem
1159 2376 1167 2384 .
1181 2376 1189 2384 .

959 2397 988 2429 9.
1016 2397 1158 2436 amissa]
1187 2396 1237 2429 sie
1263 2395 1400 2429 konnen
1426 2393 1476 2428 sie
1500 2394 1595 2428 nicht

913 2441 1093 2481 henutzen‚
1109 2441 1149 2474 da
1163 2441 1266 2475 ihnen
1279 2440 1431 2474 dieselbe
1449 2449 1511 2473 aus
1528 2440 1594 2474 den

912 2486 1050 2519 Handen
1065 2496 1267 2529 genommen
1285 2487 1348 2525 ist;
1367 2485 1489 2519 anders
1503 2486 1593 2519 ware

913 2542 1054 2565 omissa.
