1779 2828
95 103 122 124 a.
143 95 211 124 Chr.
232 104 261 125 n.
282 96 343 125 342.

593 84 720 119 LIBER
748 84 814 119 VII.
864 85 958 119 CAP.
985 87 1040 120 39.

1465 83 1543 122 187

95 207 186 242 ante
208 202 355 242 dictum
389 208 459 250 est,
491 202 618 242 causis
649 200 843 240 mittebat.
875 201 951 240 iam
982 201 1106 240 valida
1135 202 1347 242 admodum
1380 214 1546 242 numero
1579 209 1597 242 ‘3
1654 204 1659 208 '

96 271 237 300 manus
259 266 343 299 erat
364 272 439 299 nec
462 259 674 311 quicquam
697 258 745 298 ad
766 258 858 298 iusti
882 258 1079 298 exercitus
1101 259 1271 298 formam
1292 266 1453 311 praeter
1475 259 1546 299 du-

95 329 183 357 cem
214 317 359 357 deerat.
400 316 645 369 inconpositi
675 316 809 368 itaque
840 315 1077 368 praedantes
1108 316 1148 355 in
1180 328 1319 368 agrum
1349 317 1546 357 Albanum

94 374 334 426 perveniunt
356 380 395 414 et
416 373 489 414 sub
514 374 607 426 iugo
629 373 752 413 Albae
776 373 936 426 Longae
959 380 1086 414 castra
1106 373 1207 413 vallo
1230 374 1411 426 cingunt.
1454 388 1546 427 per·
1578 381 1597 413 9

94 432 197 471 fecto
219 431 311 471 inde
335 444 457 484 opere
477 431 677 483 reliquum
699 431 775 471 diei
796 432 844 471 de
865 431 1105 484 imperatore
1127 431 1321 471 sumendo
1339 432 1547 472 sententiis

91 489 310 538 decertant,
342 489 440 529 nulli
463 502 510 529 ex
538 488 819 542 praesentibus
849 489 942 529 satis
974 489 1160 529 fidentes:
1192 501 1311 541 quem
1341 495 1473 529 autem
1495 489 1544 528 ab

91 546 217 586 Roma
238 559 356 598 posse
372 545 523 587 exciri?
546 559 666 599 quem
682 553 842 599 patrum
859 552 927 586 aut
943 546 1071 599 plebis
1093 559 1191 595 esse,
1210 546 1277 598 qui
1294 552 1361 586 aut
1377 559 1418 587 se
1435 553 1545 586 tanto

89 603 270 656 periculo
301 604 432 645 sciens
454 605 608 653 offerat,
640 611 707 645 aut
735 605 799 645 cui
831 617 878 644 ex
907 604 1052 644 iniuria
1083 604 1318 645 insanientis
1351 604 1547 645 exercitus

90 674 208 702 causa
241 668 350 702 recte
379 661 679 702 committatur?
720 668 883 715 postero
916 662 977 701 die
1010 674 1101 702 cum
1139 662 1275 702 eadem
1312 661 1544 702 deliberatio

92 724 262 767 teneret,
284 732 331 760 ex
352 719 655 772 praedatoribus
677 720 784 773 vagis
806 720 966 772 quidam
998 726 1238 772 conpertum
1260 720 1481 760 attulerunt
1503 719 1546 759 T.

91 776 324 824 Quinctium
347 778 388 817 in
422 777 648 818 Tusculano
681 789 821 829 agrum
852 777 997 825 colere,
1030 778 1142 817 urbis
1172 778 1454 830 honorumque
1482 777 1545 817 in-

88 846 322 875 memorem.
363 835 552 887 patriciae
574 835 638 876 hic
660 835 718 874 vir
739 835 870 887 gentis
892 841 988 883 erat,
1018 835 1081 875 cui
1105 847 1195 875 cum
1217 835 1378 875 militiae
1399 847 1546 887 magna
1579 840 1615 873 12

89 904 183 932 cum
203 893 330 945 gloria
352 899 459 932 actae
482 893 604 932 finem
625 906 697 945 pes
718 893 816 933 alter
833 906 880 932 ex
895 893 1061 932 vulnere
1086 893 1248 933 claudus
1270 893 1441 941 fecisset,
1459 893 1544 932 ruri

89 961 206 1001 agere
227 950 345 990 vitam
367 950 509 1002 procul
540 951 756 990 ambitione
779 963 823 990 ac
846 951 935 990 foro
957 950 1178 991 constituit.
1223 951 1387 990 nomine
1410 950 1544 990 audito
1576 955 1615 988 13

88 1007 287 1061 extemplo
305 1020 502 1061 agnovere
517 1008 645 1048 virum
661 1014 712 1056 et,
731 1008 838 1060 quod
859 1008 962 1048 bene
979 1014 1164 1055 verteret,
1188 1008 1306 1048 acciri
1328 1009 1543 1049 iusserunt.

87 1064 155 1105 sed
175 1077 315 1118 parum
337 1066 423 1118 spei
457 1072 541 1106 erat
561 1066 764 1106 voluntate
786 1066 997 1118 quicquam
1021 1067 1240 1113 facturum;
1272 1066 1347 1105 vim
1369 1066 1548 1106 adhiberi
1579 1072 1616 1106 14

88 1134 134 1162 ac
154 1128 306 1163 metum
328 1123 487 1176 placuit.
530 1124 663 1176 itaque
685 1123 843 1164 silentio
874 1124 1004 1164 noctis
1035 1136 1125 1163 cum
1156 1130 1305 1163 tectum
1335 1124 1448 1164 villae
1478 1123 1546 1175 qui

87 1180 135 1220 ad
152 1180 190 1220 id
205 1180 315 1221 missi
332 1187 447 1221 erant
462 1181 691 1229 intrassent,
710 1194 851 1222 somno
868 1193 1027 1234 gravem
1045 1181 1278 1228 Quinctium
1295 1194 1545 1234 oppressum,

87 1237 188 1277 nihil
208 1238 394 1287 medium,
429 1245 496 1279 aut
516 1239 728 1292 imperium
758 1245 876 1291 atque
909 1240 1105 1279 honorem
1129 1245 1207 1287 aut,
1238 1239 1306 1279 ubi
1335 1240 1545 1286 restitaret,

133 1330 164 1363 8.
183 1329 306 1362 valida
322 1330 538 1385 admodum]
547 1330 617 1385 vgl.
631 1330 780 1375 Diony:s

85 1376 170 1428 χεὶρ
195 1372 349 1421 ἐγένετο
376 1377 465 1423 περὶ
491 1371 630 1431 αυτοὺς
646 1389 781 1424 καοτε-

86 1416 155 1468 pah
182 1422 338 1479 Appian.
356 1423 421 1458 καὶ
439 1434 529 1465 τοις
545 1422 608 1458 ἐπὶ
627 1425 706 1458 τῶν
724 1419 782 1470 ἕρ-

86 1479 168 1513 γων
199 1465 242 1503 ἐν
276 1472 358 1510 τοῖς
391 1463 528 1514 α’γροῖς
559 1468 782 1513 δεδεμένοις

86 1512 437 1558 (Schuldgefangene‚
457 1514 590 1548 welche
609 1515 669 1549 das
687 1515 781 1549 Land

86 1559 177 1593 ihrer
194 1559 381 1614 Glaubiger
404 1561 575 1599 bebauen)
602 1557 781 1597 ἐκλύσαν-

80 1617 155 1660 ζτες
173 1607 238 1641 καὶ
250 1600 511 1660 ὃπὶίσαντες
529 1604 720 1660 ..ἦίαινον
743 1605 782 1649 ἐς

80 1644 261 1697 Ῥώμην(
243 1653 342 1695 ομοῦ
354 1648 543 1706 δισμύριοι
562 1650 780 1699 γεγονότες.

85 1717 130 1722 -
141 1699 361 1741 inconpositi
372 1699 495 1742 itaque
506 1700 746 1741 praedantes.
758 1701 779 1740 .]

86 1760 130 1773 =
164 1743 248 1776 dum
286 1744 514 1786 praedantur
552 1746 781 1788 inconposi'tr,

80 1791 318 1833 perveniunt;
345 1799 373 1823 S.
401 1792 432 1831 3,
447 1791 501 1832 26,
517 1791 549 1824 9.

133 1837 164 1870 9.
189 1836 375 1868 sententiis
400 1836 597 1878 decertant]
628 1836 698 1880 vgl.
726 1837 779 1879 2S,

87 1881 142 1923 26,
161 1883 200 1920 2;
222 1882 277 1923 42,
292 1883 345 1923 50,
364 1884 398 1920 1;
421 1882 605 1915 decertare
622 1882 779 1915 bezeich-

86 1931 145 1961 net.
169 1927 225 1961 dje
250 1927 351 1971 lange
368 1927 480 1961 Dauer
501 1927 571 1962 und
588 1927 777 1971 Hestigkeit

85 1972 146 2007 des
160 1972 324 2015 Streites;
350 1984 380 2007 s.
397 1975 450 2014 25,
466 1976 503 2013 4;
519 1975 550 2014 6,
565 1975 597 2015 3,
611 1976 642 2008 9.
661 1993 707 1997 ——
733 1985 778 2007 ea:

82 2021 342 2063 praesentibus]
369 2030 395 2054 s.
424 2019 504 2054 Tac.
532 2019 617 2054 Hist.
645 2021 684 2062 2,
715 2022 776 2059 65;

84 2065 154 2109 vgl.
181 2065 253 2099 Liv.
275 2067 330 2107 24,
356 2067 411 2108 23,
437 2068 468 2100 5.

135 2113 186 2146 10.
219 2122 322 2155 quem
353 2113 485 2153 autem]
520 2111 626 2146 davor
657 2112 703 2146 ist
736 2122 778 2146 zu

86 2155 238 2191 denken:
266 2167 304 2191 es
328 2160 443 2192 mfisse
470 2157 543 2192 also
562 2158 616 2191 ein
636 2157 778 2192 anderes

86 2203 233 2246 gesucht
257 2203 414 2243 werden;
440 2214 513 2237 wer
538 2205 619 2237 aber
636 2214 733 2237 nun.
768 2216 776 2243 ;

86 2258 113 2282 s.
132 2250 188 2292 38,
201 2250 233 2283 6.
251 2250 434 2293 —plebis]
461 2250 678 2293 angesehene
701 2230 778 2283 Ple·

85 2294 193 2337 hejer.
217 2314 263 2319 —-
288 2297 351 2339 qui
369 2299 459 2330 aut.
475 2298 566 2329 ‚aut
584 2297 654 2336 em]
682 2306 707 2329 s.
736 2306 777 2329 zu

88 2342 119 2383 2,
134 2342 189 2383 27,
204 2342 235 2375 2.
256 2361 301 2365 -
317 2343 443 2382 sciens]
464 2341 688 2383 wissenssich,
701 2337 776 2374 ab·

87 2366 268 2425 si’chtl'ich';
287 2387 357 2431 vgl.
372 2387 440 2421 Cic.
455 2398 487 2431 p.
504 2386 582 2421 Sex.
597 2387 697 2421 Rosc.
713 2389 776 2426 55;

88 2431 139 2465 oft
162 2433 219 2466 bei
244 2413 310 2467 den
338 2432 534 2467 Komikern.
553 2453 597 2458 —
615 2445 661 2466 ex
685 2435 781 2466 iniu-

87 2478 158 2519 ria]
171 2478 241 2521 vgl.
256 2480 311 2521 45,
326 2481 381 2520 44,
395 2481 452 2513 11-
445 2506 452 2518 ‚
468 2478 510 2512 da
527 2479 614 2512 nach
628 2479 686 2513 der
700 2478 780 2512 Dar-

88 2523 240 2567 stellung
258 2524 319 2557 des
334 2525 449 2559 Livius
463 2524 524 2559 das
538 2524 625 2559 Heer
643 2525 698 2559 ein
711 2524 780 2558 Un-

88 2568 185 2602 rccht
209 2569 304 2602 nicht
322 2570 460 2604 erlitten
477 2570 547 2613 hat,
573 2581 611 2604 so
636 2571 681 2604 ist
707 2570 780 2603 dies

852 1330 1030 1363 vielleicht
1057 1330 1116 1363 auf
1135 1329 1190 1364 die
1209 1329 1405 1364 drsickende
1425 1330 1545 1365 Schul-

852 1376 988 1410 denlast
1012 1387 1055 1410 zu
1080 1376 1264 1417 beziehen,
1301 1377 1432 1410 welche
1460 1377 1543 1421 Kap.

853 1424 896 1457 323
922 1422 973 1456 als
999 1422 1053 1456 die
1079 1421 1229 1456 Ursache
1260 1422 1320 1456 der
1347 1422 1545 1467 Emporung

851 1468 1056 1502 bezeichnet
1082 1468 1184 1507 wird;
1211 1468 1281 1509 vgl.
1309 1471 1416 1510 41,1:
1443 1480 1544 1502 mese-

851 1525 996 1554 rorum;
1023 1515 1174 1558 ᾼρρίεῐιε
1183 1511 1348 1572 δάκρῑα
1373 1516 1452 1550 τῶν
1477 1528 1543 1571 φι-

852 1557 982 1597 λάκων
1014 1561 1074 1613 ἠν
1086 1589 1092 1595 .
1122 1589 1127 1595 .
1157 1573 1224 1606 την
1256 1559 1384 1596 αἰτίαν
1420 1560 1460 1603 ἐς
1496 1558 1545 1597 τα’

849 1605 946 1653 χρέα
973 1599 1178 1653 ([εοόντων
1208 1602 1253 1642 τὰ
1279 1604 1320 1642 ἐι
1339 1588 1472 1652 Ρώμῃ.
1499 1627 1542 1632 —-

852 1639 1076 1693 insani'entzs]
1111 1663 1170 1685 zur
1196 1651 1394 1696 Emporung
1420 1654 1544 1696 getrie-

852 1698 936 1735 ben:
964 1709 989 1731 s.
1013 1700 1067 1739 42,
1083 1699 1113 1732 3.

900 1746 951 1779 11.
979 1744 1113 1784 eadem]
1138 1761 1183 1772 =
1209 1744 1250 1776 de
1275 1744 1396 1777 eadem
1424 1756 1474 1778 re.
1499 1764 1542 1770 —

852 1792 998 1831 teneret]
1033 1799 1059 1823 s.
1087 1791 1118 1830 2,
1140 1791 1170 1830 3,
1195 1791 1226 1823 5.
1251 1810 1297 1814 —
1323 1790 1542 1833 Quinctium]

851 1835 1002 1869 welchei·
1035 1835 1216 1875 Quinctius
1256 1835 1337 1869 oder
1371 1837 1414 1870 ob
1450 1838 1544 1871 einer

850 1881 909 1916 der
935 1885 1032 1915 sonst
1058 1881 1258 1915 erwahnten
1278 1881 1426 1921 Quinctii
1452 1884 1492 1924 (s.
1512 1885 1543 1925 6,

850 1929 904 1968 42,
919 1930 957 1967 4;
981 1930 1010 1968 7,
1025 1929 1056 1969 9,
1072 1930 1103 1962 3.
1123 1929 1243 1967 18,1o.
1266 1929 1318 1969 22,
1335 1930 1368 1971 3)
1392 1930 1542 1972 gemeint

848 1974 904 2014 ist,
920 1973 1000 2008 lasst
1019 1974 1093 2007 sich
1109 1974 1203 2007 nicht
1222 1974 1438 2010 bestimmen.
1473 1975 1543 2019 Ap-

848 2020 929 2064 pian
967 2020 1123 2053 erwahnt
1157 2020 1216 2053 ihn
1254 2020 1360 2054 nicht.
1395 2041 1440 2045 —
1476 2021 1542 2055 Tu-

847 2064 1014 2110 sculano]
1046 2065 1106 2099 das
1132 2065 1254 2099 Gebiet
1280 2066 1385 2109 wird,
1412 2067 1479 2101 wie
1505 2078 1542 2101 es

848 2112 1002 2153 scheint,
1037 2111 1086 2145 als
1116 2112 1303 2145 romisches
1330 2113 1540 2152 betrachtet;

849 2168 875 2192 s.
895 2160 926 2198 6,
946 2159 1000 2199 26,
1019 2159 1050 2192 8.
1076 2176 1121 2183 —
1143 2169 1206 2202 pes
1224 2184 1232 2192 .
1251 2185 1258 2192 .
1285 2159 1447 2200 claudus]
1475 2159 1541 2192 wie

852 2205 903 2245 19,
920 2207 958 2238 5:
985 2205 1099 2237 ambo.

899 2251 950 2284 13.
976 2252 1167 2292 agnovere]
1194 2250 1262 2292 vgl.
1283 2251 1336 2290 40,
1357 2252 1389 2287 1;
1418 2251 1448 2290 6,
1465 2252 1494 2291 7,
1510 2252 1541 2284 5.

898 2297 950 2330 14.
976 2307 1099 2328 somno
1115 2297 1278 2338 gravem]
1306 2295 1443 2327 bezieht
1469 2295 1542 2329 sich

848 2351 912 2375 nui·
949 2341 1008 2374 auf
1039 2351 1260 2384 oppressum3
1299 2355 1342 2367 =
1374 2340 1541 2375 nachdem

852 2387 900 2420 sie
915 2387 972 2419 ihn
986 2387 1033 2419 im
1049 2386 1186 2420 Schlafe
1201 2385 1392 2419 fiberfallen
1410 2386 1541 2430 hatten,

851 2442 960 2475 zogen
992 2432 1041 2465 sie
1072 2432 1132 2464 ihn
1164 2431 1240 2464 fort.
1274 2450 1317 2455 -
1348 2432 1442 2465 nihil
1472 2444 1542 2466 me-

852 2478 962 2517 dium]
990 2487 1016 2511 s.
1040 2477 1071 2519 2,
1086 2478 1140 2518 49,
1157 2479 1187 2510 5.
1206 2496 1249 2501 —-
1268 2478 1329 2510 ubi
1345 2480 1539 2521 restitaret]

852 2534 890 2557 so
917 2522 968 2556 oft
994 2532 1030 2555 er
1056 2522 1129 2556 sich
1155 2533 1196 2556 zu
1215 2522 1443 2558 widersetzen
1466 2535 1542 2559 ver-

852 2568 973 2602 suehte
1003 2569 1044 2609 (s.
1071 2569 1124 2609 35,
1152 2569 1205 2609 28,
1233 2570 1282 2611 2).
1315 2568 1459 2604 drohten
1492 2572 1540 2605 sie

1581 495 1617 529 10

1580 668 1615 700 11
