1731 2796
62 70 117 109 74
531 68 655 103 LlBER
680 68 734 104 VI.
784 68 879 104 CAP.
907 70 961 104 32.
987 71 1041 105 33.
1202 88 1227 107 a.
1251 87 1280 109 u.
1303 88 1330 111 c.
1351 82 1400 110 377
1420 81 1511 115 (378).

62 187 179 238 longe
194 185 474 225 validissimum
494 186 535 225 P.
554 186 731 225 Valerius
748 191 786 225 et
802 185 845 226 L.
862 186 1049 232 Aemilius
1071 186 1117 225 ad
1135 186 1333 226 Satricum
1351 186 1512 227 duxere.

10 252 30 283 6
61 243 128 282 uhi
159 255 248 282 curn
271 243 394 283 aciem
416 243 648 283 instructam
680 243 853 283 hostium
880 243 968 283 loco
999 256 1125 295 aequo
1154 244 1413 292 invenissent,
1445 257 1513 284 ex-

63 300 210 353 templo
233 306 473 353 pugnatum:
499 307 537 340 et
563 307 604 340 ut
630 301 807 340 nondum
826 300 918 340 satis
936 307 1083 340 certam
1101 301 1317 349 victoriam,
1339 301 1396 341 sic
1419 314 1512 354 pro-

63 370 200 410 sperae
232 358 314 410 spei
346 370 521 410 pugnam
560 358 687 397 imber
718 357 948 409 ingentibus
987 358 1170 410 procellis
1202 359 1312 399 fusus
1343 359 1512 399 diremit.

15 424 31 454 τ
64 422 223 468 postero
247 416 307 455 (lie
330 415 465 455 iterata
488 428 643 467 pugna;
677 422 713 455 et
745 414 982 466 aliquamdiu
1014 428 1138 468 aequa
1169 416 1312 455 virtute
1333 416 1513 456 fortuna-

64 485 140 525 que
165 473 324 512 Latinae
346 473 513 512 maxime
537 473 726 525 legiones,
750 473 867 524 longa
889 472 1075 512 societate
1096 473 1272 513 militiam
1295 473 1513 514 Romanam

13 536 31 569 S
65 531 240 575 edoctae.
264 531 477 569 restabant.
521 543 643 581 eques
676 530 862 569 inmissus
885 530 1045 570 ordines
1068 530 1250 579 turbavit,
1273 530 1440 571 turbatis
1461 532 1514 572 si-

62 600 138 639 gna
161 588 338 639 peditum
357 588 488 633 inlata,
513 594 785 639 quantumque
802 587 981 626 Romana
998 601 1039 627 se
1057 587 1203 627 invexit
1220 588 1336 635 acies,
1360 594 1513 628 tantum

64 645 198 685 hostes
219 644 340 695 gradu
365 645 534 693 demoti;
559 652 609 690 et,
632 651 676 684 ut
696 645 818 684 semel
844 644 1047 684 inclinavit
1064 657 1208 696 pugna,
1231 645 1307 684 iam
1324 645 1513 686 intolera-

13 708 32 741 9
64 701 150 742 bilis
174 702 348 741 Romana
371 702 426 742 vis
450 709 544 741 erat.
589 703 663 742 fusi
695 702 827 742 hostes
852 714 941 741 cum
966 702 1181 750 Satricum,
1213 702 1320 754 quod
1342 702 1419 742 duo
1442 704 1514 743 mi-

64 760 113 799 lia
137 760 227 799 inde
251 759 398 806 aberat,
424 773 503 798 non
528 766 654 799 castra
678 766 871 812 peterent,
893 759 940 798 ab
964 760 1097 811 equite
1119 759 1286 799 maxime
1304 760 1428 809 caesi;
1451 773 1516 800 ca·

0 822 31 854 10
63 825 139 857 stra
171 824 282 868 capta
306 817 551 868 direptaque.
600 817 646 856 ab
679 817 831 857 Satrico
864 823 993 865 nocte,
1026 829 1126 868 quae
1162 817 1314 869 proelio
1337 818 1516 870 proxima

65 875 148 922 suit,
171 875 286 926 fugae
308 874 423 913 simili
441 875 596 925 agmine
619 881 761 927 petunt
782 874 966 922 Antium;
1000 880 1037 914 et
1067 887 1156 914 cum
1177 875 1382 914 Romanus
1403 888 1515 916 exer-

65 933 167 971 citus
189 945 314 984 prope
340 932 509 983 vestigiis
530 939 777 984 sequeretur,
811 932 900 984 plns
922 939 1051 971 tamen
1086 932 1347 984 timor-quam
1372 932 1429 972 ira
1450 945 1515 972 ce-

0 995 29 1027 11
64 990 225 1029 leritatis
248 989 396 1028 habuit.
440 990 549 1040 prius
571 990 702 1041 itaque
729 990 887 1029 moenia
910 989 1104 1029 intravere
1128 990 1274 1036 hostes,
1297 1002 1413 1041 quam
1436 989 1515 1029 Ro-

65 1059 207 1086 manus
230 1054 401 1086 extrema
425 1047 592 1098 agminis
614 1059 778 1099 carpere
810 1053 875 1086 aut
897 1047 1043 1086 morari
1067 1053 1211 1099 posset.
1254 1047 1346 1086 inde
1367 1047 1517 1099 aliquot

64 1104 146 1144 dies
167 1105 353 1144 vastando
376 1117 470 1156 agro
493 1104 705 1157 absumpti,
738 1117 812 1143 nec
837 1104 1023 1144 Romanis
1055 1105 1146 1144 satis
1168 1104 1373 1144 instructis
1394 1117 1515 1158 appa-

64 1169 150 1201 ratu
183 1161 324 1201 bellico
348 1162 392 1200 ad
416 1162 574 1201 moenia
605 1162 869 1214 adgredienda
892 1173 966 1202 nec
989 1161 1065 1202 illis
1086 1163 1132 1201 ad
1164 1161 1417 1202 subeundum
1441 1174 1515 1214 pu-

61 1231 162 1271 gnae
184 1231 329 1258 casum.

0 1277 42 1314 33
184 1276 331 1316 Seclitio
354 1282 436 1315 tum
458 1276 563 1315 inter
585 1276 763 1316 Antiates
785 1276 1026 1327 Latinosque
1049 1282 1197 1323 coorta,
1225 1288 1313 1316 cum
1338 1276 1516 1317 Antiates

65 1334 153 1373 victi
178 1334 289 1373 malis
311 1333 543 1385 subactique
566 1333 682 1380 bello,
706 1334 745 1372 in
765 1346 844 1385 quo
863 1340 902 1372 et
927 1334 1005 1373 nati
1024 1340 1136 1375 erant
1153 1340 1191 1373 et
1209 1341 1516 1381 consenuerant,

18 1397 35 1428 2
67 1391 308 1431 deditionem
330 1397 570 1444 spectarent,
594 1391 756 1431 Latinos
778 1404 824 1430 ex
846 1391 994 1430 diutina
1024 1403 1120 1443 pace
1144 1403 1241 1430 nova
1264 1391 1430 1431 defectio
1454 1404 1518 1431 re-

62 1496 115 1525 lus
142 1494 334 1525 censuisset
359 1494 412 1533 31,
436 1494 467 1530 8,
490 1495 545 1530 11;
573 1494 627 1530 35,
648 1495 702 1533 41,
724 1493 754 1526 3.

60 1557 104 1562 -
129 1540 247 1571 subila
276 1539 368 1579 belli]
404 1548 429 1572 s.
458 1541 512 1579 31,
534 1541 568 1572 ἰε
596 1542 755 1572 escit-ema

60 1584 205 1624 finium;
246 1584 314 1627 vgl.
348 1586 380 1626 4,
405 1586 458 1624 27,
482 1588 525 1618 1:
558 1585 606 1617 ad
638 1586 754 1617 subita

63 1630 144 1662 belli
160 1632 378 1669 minister-im
405 1632 435 1669 9,
451 1631 505 1669 43,
521 1633 551 1664 4.
568 1650 609 1654 -
626 1631 674 1663 ad
691 1630 755 1663 Sa-

63 1678 203 1717 tricmn]
231 1686 257 1709 s.
279 1676 350 1719 §9;
377 1676 446 1719 vgl.
475 1677 529 1718 22,
555 1678 585 1710 4.

109 1723 140 1755 6.
174 1723 342 1763 certaml*
372 1742 414 1746 —
442 1724 648 1764 ingentibus
668 1732 755 1765 pro-

63 1768 170 1809 cellis]
197 1779 222 1801 s.
251 1770 280 1809 S,
298 1771 325 1803 Τ.

110 1816 139 1847 ἵ.
166 1814 321 1855 edoctae]
349 1824 407 1846 zur
434 1813 544 1846 Sache
571 1824 597 1847 s.
625 1815 654 1853 8,
676 1815 705 1854 8,
722 1815 751 1848 3.

110 1861 139 1893 8.
166 1870 269 1902 eques
294 1885 301 1893 .
333 1860 354 1902 .]
390 1870 416 1892 s.
444 1860 498 1900 29,
526 1861 564 1898 2;
593 1862 622 1900 7,
645 1861 698 1899 33,
723 1861 752 1893 8.

63 1923 104 1929 —
132 1908 306 1947 quantum
334 1930 341 1938 .
368 1932 374 1938 .
402 1907 553 1946 tantum]
578 1915 604 1938 s.
632 1916 672 1938 zu
699 1906 753 1946 34,

67 1953 103 1988 12
131 1952 276 1991 Τ,6,10.
302 1970 347 1974 ——
369 1951 504 1992 gradu]
532 1960 558 1984 s.
589 1952 640 1991 12,
657 1952 693 1988 S&
722 1952 752 1990 9,

63 1997 117 2038 29,
135 1998 192 2030 10:
212 1997 438 2029 demovendis
454 1999 551 2029 statu
568 2007 644 2037 suo,
664 1997 752 2030 ohne

63 2042 122 2075 das
148 2045 244 2075 sonst
270 2042 509 2085 gewohnliche
540 2042 582 2074 de
607 2042 688 2075 oder
713 2053 751 2081 a;

62 2099 103 2120 zu
117 2088 240 2130 gradu
259 2098 283 2121 s.
306 2090 335 2129 ἵ,
352 2089 380 2129 8,
400 2088 436 2121 3:
455 2090 615 2130 (equites)
629 2088 753 2129 gradu

62 2137 252 2167 moverunt
277 2135 424 2174 hostem,
459 2133 586 2166 deinde
612 2133 753 2176 pepule-

62 2183 165 2219 run&
181 2180 265 2223 Nep.
290 2181 320 2219 2,
336 2182 366 2221 5,
384 2182 416 2214 1:
433 2179 555 2221 gradu
574 2179 751 2222 depulsus.

62 2245 107 2249 —
136 2229 178 2258 ut
211 2226 328 2267 semel]
363 2235 388 2258 s.
422 2227 477 2267 40,
499 2226 551 2266 13,
575 2227 604 2258 7.
630 2244 675 2248 —
700 2226 753 2257 in-

65 2272 215 2305 clinavit
234 2274 374 2314 pugna]
401 2281 427 2304 s.
457 2273 484 2311 1,
509 2272 636 2311 27,11:
662 2270 753 2312 fuga

62 2319 267 2357 inelinavit,
297 2318 362 2351 wie
388 2317 438 2351 ost
464 2319 558 2349 acies
582 2317 750 2354 inelinat;

63 2373 88 2397 s.
118 2366 147 2403 T,
170 2365 223 2405 33,
245 2365 274 2397 2.
301 2383 344 2387 —
377 2365 461 2404 iam]
490 2363 534 2395 im
562 2362 752 2395 Nachsatze

63 2419 122 2442 zur
138 2409 279 2451 Angabe
299 2409 358 2442 der
373 2409 540 2451 Zeitsolge
555 2407 661 2442 findet
680 2408 752 2441 sich

65 2454 159 2487 nicht
184 2454 249 2492 ost;
277 2465 302 2488 S.
334 2456 439 2495 18,3;
468 2456 613 2496 3t‚1,5.

113 2502 164 2534 10.
191 2511 280 2542 quae
306 2525 314 2533 .
334 2528 339 2534 .
357 2502 528 2543 proxima
545 2498 631 2541 fuit]
657 2503 753 2534 sonst

64 2556 126 2579 nur
147 2548 333 2589 promtum
361 2556 387 2579 s.
414 2557 455 2579 zu
484 2549 536 2589 10,
558 2549 610 2588 10,
626 2548 657 2580 4.

874 1495 927 1526 11.
953 1496 1134 1535 appar-atu
1153 1492 1278 1526 bellico
1305 1494 1351 1534 ..]
1377 1502 1405 1526 s.
1431 1495 1463 1535 9,
1479 1495 1514 1532 2;

827 1538 1046 1581 gewohntich
1090 1539 1416 1581 oppugnandarum
1456 1549 1516 1571 m·-

827 1586 922 1617 bz'um
939 1587 1155 1626 apparatus;
1183 1595 1209 1618 s.
1229 1586 1260 1627 5,
1278 1586 1310 1627 5,
1325 1585 1363 1624 6;
1391 1586 1446 1627 24,
1461 1586 1515 1627 33,

827 1632 863 1669 9;
891 1632 945 1671 27,
964 1632 1014 1670 15,
1030 1632 1060 1664 5.
1496 1639 1498 1642 ’

870 1675 933 1711 33.
956 1678 983 1710 1.
1001 1676 1142 1717 seditio]
1159 1674 1393 1718 Uneinigkeit‚
1411 1675 1517 1710 Tren-

825 1732 928 1765 nung.
947 1741 990 1767 ᾗ-
1004 1723 1085 1754 natz‘
1101 1725 1204 1755 erant
1217 1747 1225 1755 .
1240 1723 1260 1763 .]
1277 1722 1309 1755 in
1324 1720 1440 1765 Bezug
1458 1721 1518 1756 auf

824 1767 877 1800 die
904 1767 1065 1801 Antiaten
1096 1767 1354 1809 fibertreibenm
1389 1767 1430 1801 da
1457 1767 1516 1801 der

824 1812 926 1855 Krieg
939 1817 1009 1846 erst
1028 1814 1065 1848 13
1079 1812 1181 1847 Jahre
1195 1813 1319 1847 vorher
1334 1813 1516 1857 begonnen

824 1859 899 1897 hat;
927 1869 952 1892 s.
988 1858 1070 1902 Kap.
1107 1861 1144 1898 2;
1180 1859 1249 1893 Liv.
1283 1859 1392 1893 denkt
1421 1858 1515 1893 wohl

824 1915 864 1938 an
885 1904 938 1937 die
958 1904 1222 1948 Volskerkriege
1246 1905 1452 1948 uberhaupt.
1471 1924 1515 1929 —

824 1950 1051 1991 deditionem]
1070 1961 1112 1983 an
1131 1950 1206 1984 eine
1227 1950 1435 1993 eigentliche
1453 1949 1516 1984 De-

823 1995 908 2028 ditio
931 1996 976 2029 ist
1000 1996 1073 2029 hier
1098 2006 1136 2029 so
1155 1996 1270 2038 wenig
1295 1995 1346 2029 als
1365 1998 1396 2038 2,
1413 1997 1452 2030 13
1472 2006 1515 2029 zu

825 2040 975 2080 denhem
1015 2041 1101 2075 doch
1138 2041 1315 2075 verhalten
1354 2042 1427 2076 sich
1460 2041 1515 2076 die

825 2087 986 2120 Antiaten
1020 2087 1072 2120 bis
1101 2097 1178 2120 zum
1203 2086 1233 2121 J.
1263 2089 1330 2122 406
1356 2098 1385 2122 a.
1418 2099 1452 2121 u.
1485 2098 1514 2121 c.

824 2134 865 2173 (s.
901 2135 930 2171 7,
955 2135 1008 2174 27,
1030 2134 1063 2173 2)
1093 2133 1202 2176 ruhig.
1252 2133 1318 2167 Der
1342 2133 1445 2177 Krieg
1470 2131 1524 2167 ist*

824 2179 901 2212 dem
921 2178 1004 2221 Kap.
1023 2180 1042 2212 6
1061 2178 1311 2222 geschilderten
1330 2179 1408 2213 sehr
1432 2179 1515 2213 {ihu-

824 2224 892 2257 lich
917 2225 985 2257 und
1005 2225 1095 2258 wohl
1115 2225 1242 2259 ebenso
1263 2225 1423 2259 unsicher
1448 2222 1514 2258 wie

820 2280 929 2312 jener.
1492 2299 1495 2301 .

870 2317 900 2349 2.
927 2315 1081 2357 diutina]
1112 2316 1182 2359 vgl.
1215 2327 1256 2350 zu
1288 2317 1376 2358 7,1;
1408 2314 1514 2349 durch

823 2372 869 2394 εει·
902 2386 909 2394 .
948 2386 956 2395 .
994 2361 1146 2401 defectio
1189 2362 1274 2396 wird
1314 2362 1514 2395 recentibus

822 2408 960 2440 viribus
985 2407 1128 2441 erklart:
1163 2407 1204 2441 da
1230 2408 1302 2441 ihre
1328 2406 1444 2440 Krane
1470 2431 1478 2440 .
1505 2433 1513 2441 .

823 2463 951 2495 waren,
977 2453 1055 2486 weil
1074 2453 1132 2486 der
1151 2453 1263 2487 Abfall
1290 2455 1359 2487 erst
1376 2452 1513 2486 neulich

823 2498 891 2532 und
910 2509 1001 2532 zwar
1020 2499 1106 2532 nach
1125 2526 1132 2532 .
1149 2524 1157 2532 .
1176 2499 1302 2543 erfolgt
1321 2508 1405 2538 war;
1428 2498 1514 2532 iiber

823 2555 916 2578 nova
941 2569 949 2578 .
975 2569 983 2578 .
1009 2547 1210 2578 recentibus
1235 2555 1261 2578 s.
1281 2546 1336 2587 35,
1353 2546 1404 2586 10,
1419 2546 1451 2578 7.
1468 2563 1513 2569 -
