1731 2796
179 74 257 112 116
708 75 832 108 LIBER
849 74 922 113 „VIL
972 76 1068 112 CAP.
1093 81 1122 113 5.
1409 83 1440 102 a.
1456 83 1485 104 u.
1506 83 1531 104 c.
1552 77 1611 104 392.

175 190 328 230 consilii
360 191 404 230 ad
436 202 520 229 rem
549 190 737 242 agendam
769 189 922 229 deferre
952 212 1006 218 —
1037 192 1160 231 salute
1190 197 1348 243 accepta
1381 191 1611 243 redditaque

126 256 144 287 5
175 260 258 287 esse
290 247 353 295 ait,
385 259 484 299 quae
516 260 604 286 cum
627 259 673 286 eo
695 259 810 298 agere
840 246 996 287 arbitris
1017 249 1178 288 remotis
1199 248 1301 287 velit.
1359 248 1499 300 procul
1515 249 1607 288 inde

178 304 362 344 omnibus
379 304 486 344 abire
503 304 618 344 iussis
639 304 808 343 cultrum
837 304 994 356 stringit
1014 311 1053 344 et
1069 317 1190 357 super
1210 305 1353 344 lectum
1376 311 1484 345 stans
1505 306 1610 345 ferro

178 363 344 410 intento,
368 362 443 402 nisi
463 362 503 400 in
528 373 627 412 quae
650 361 732 412 ipse
749 361 995 413 concepisset
1009 362 1127 401 verba
1145 362 1304 409 iuraret,
1327 374 1368 402 se
1389 362 1511 414 patris
1528 362 1611 402 eius

178 419 387 458 accusandi
418 430 530 458 causa
564 418 774 457 concilium
806 417 932 470 plebis
964 431 1174 470 numquam
1196 418 1434 466 habiturum,
1457 431 1498 458 se
1521 432 1610 458 eum

127 484 146 516 6
176 475 372 527 extemplo
393 476 673 514 transfixurum
706 475 889 514 minatur.
949 475 1110 526 pavidus
1141 475 1337 523 tribunus,
1368 476 1516 527 quippe
1545 477 1612 528 qui

177 533 325 572 ferrum
348 539 438 572 ante
460 532 596 572 oculos
611 532 769 579 micare,
792 544 833 571 se
848 532 975 571 solum
992 532 1195 579 inermem,
1218 532 1327 571 illum
1343 533 1609 584 praevalidum

177 590 359 629 iuvenem
390 596 439 637 et,
472 590 576 640 quod
606 588 710 628 haud
740 589 872 629 minus
901 589 1118 628 timendum
1149 595 1242 635 erat,
1275 589 1415 629 stolide
1437 590 1610 629 ferocem

177 646 324 686 viribus
346 647 426 686 suis
448 652 640 691 cerneret,
672 645 822 685 adiurat
842 646 882 685 in
905 658 1005 697 quae
1027 647 1185 685 adactus
1207 652 1267 685 est
1287 646 1415 685 verba.
1458 652 1496 685 et
1517 659 1610 698 prae

177 716 218 743 se
241 703 380 743 deinde
401 703 490 742 tulit
512 716 554 742 ea
576 703 610 742 vi
633 702 838 742 subactum
860 715 900 742 se
926 702 1085 754 incepto
1103 703 1307 742 destitisse.
1349 715 1424 742 nec
1444 703 1611 754 perinde

177 768 220 799 ut
251 760 452 800 maluisset
482 760 617 811 plebes
647 759 719 799 sibi
751 759 925 811 suffragii
956 759 1110 799 ferendi
1142 760 1189 798 de
1219 765 1298 798 tam
1320 759 1468 799 crudeli
1486 766 1524 799 et
1545 773 1610 799 su-

178 817 301 869 perbo
323 829 391 857 reo
412 822 647 869 potestatem
669 817 765 865 fieri,
788 817 838 855 ita
860 828 974 868 aegre
996 816 1131 855 habuit
1153 817 1273 855 filium
1292 816 1330 855 id
1351 829 1423 868 pro
1444 822 1610 869 parente

177 886 336 922 ausum3
358 886 484 925 eoque
504 875 540 913 id
564 873 796 914 laudabilius
817 880 914 921 erat,
945 873 1049 924 quod
1072 873 1245 912 animum
1268 873 1353 913 eius
1373 879 1479 912 tanta
1501 886 1611 913 acer-

129 940 148 973 8
177 931 275 971 bitas
297 931 420 983 patria
453 931 550 970 nihil
571 943 590 970 a
612 931 755 983 pietate
776 930 988 970 avertisset.
1025 931 1155 981 itaque
1185 943 1267 969 non
1288 930 1389 982 patri
1409 931 1527 970 modo
1548 942 1611 970 re-

178 988 293 1028 missa
316 1001 455 1027 causae
487 988 604 1027 dictio
627 994 697 1036 est,
729 988 796 1027 sed
818 987 892 1039 ipsi
913 987 1028 1026 etiam
1049 987 1289 1026 adulescenti
1311 999 1355 1026 ea
1384 999 1447 1027 res
1468 987 1612 1027 honori

129 1053 148 1085 9
178 1045 262 1093 fuit,
286 1052 335 1092 et,
358 1057 446 1084 cum
470 1058 515 1084 eo
539 1057 644 1084 anno
668 1045 838 1095 primum
859 1044 1069 1096 placuisset
1095 1043 1278 1084 tribunos
1298 1043 1465 1083 militum
1487 1044 1532 1083 ad
1556 1044 1611 1083 le-

931 1167 1026 1208 wie);
1053 1166 1084 1200 d.
1099 1166 1130 1200 h.
1158 1166 1316 1209 ohgleich
1340 1171 1439 1200 unter
1464 1167 1611 1200 anderen

932 1211 1184 1245 Verbaltnissen
1211 1212 1271 1245 das
1297 1211 1388 1245 Volk
1422 1212 1481 1245 ihn
1505 1212 1613 1246 lieber

929 1257 1024 1291 hatte
1042 1257 1247 1290 verurteilen
1267 1257 1317 1291 als
1335 1257 1509 1300 sreigeben
1528 1258 1613 1291 wol-

930 1303 996 1336 len.
1013 1323 1057 1326 —
1073 1313 1179 1345 aegre
1197 1303 1333 1344 habuit]
1359 1313 1385 1336 s.
1404 1303 1486 1337 Sall.
1504 1303 1540 1339 C.
1556 1306 1610 1345 51,

178 1168 289 1201 seiner
326 1167 432 1210 Klage
471 1168 675 1201 verwenden
713 1167 859 1206 konnte;

178 1223 204 1246 s.
232 1215 262 1254 2,
289 1215 342 1255 61,
370 1216 399 1246 7.
434 1231 479 1238 ——-
516 1215 666 1246 arbitris
702 1213 859 1256 remotis]

178 1258 250 1292 hier
266 1276 309 1287 =
326 1263 425 1292 unter
449 1259 521 1292 vier
546 1258 676 1301 Augen.

225 1307 255 1338 5.
291 1315 398 1346 super
435 1305 562 1337 lectum
598 1306 707 1345 stans]
744 1302 784 1336 da
823 1314 860 1337 es

177 1360 282 1382 mane
297 1350 409 1390 heisst,
436 1350 480 1383 ist
498 1349 589 1382 wohl
608 1360 649 1382 an
667 1349 732 1382 den
751 1350 860 1381 lectus

180 1395 397 1428 cubicularis
434 1405 475 1428 zu
512 1394 661 1432 denken;
701 1410 745 1421 =
770 1395 857 1427 oben

179 1451 221 1473 an
239 1466 247 1473 .
263 1467 269 1473 .
289 1440 448 1479 stehend;
466 1440 536 1483 vgl.
552 1441 638 1474 Cic.:
657 1443 819 1473 surrexit
843 1452 860 1472 e

179 1486 319 1519 lectulo.
333 1505 377 1510 ——
400 1489 437 1518 in
456 1488 558 1528 quae]
573 1503 616 1514 =
634 1488 671 1518 in
689 1497 728 1518 ea
743 1487 860 1527 verba,

179 1542 286 1574 quae3
313 1542 340 1564 s.
368 1534 400 1573 5,
420 1533 474 1573 34,
495 1533 534 1574 33
560 1531 628 1573 vgl.
655 1533 709 1570 43,
730 1532 781 1573 16,
802 1534 859 1569 15;

179 1577 200 1620 ξ
223 1578 242 1611 6
277 1577 430 1620 dagegen
461 1577 609 1610 adiurat
638 1579 676 1609 in
701 1579 772 1617 (ea,
808 1578 859 1618 in)

180 1633 270 1665 quae
306 1623 456 1655 adactus
492 1625 544 1655 est
577 1624 744 1664 (iurare);
786 1621 855 1662 der,

179 1668 329 1701 welcher
345 1668 410 1701 den
428 1668 490 1701 Eid
507 1668 664 1709 abnahm,
691 1671 787 1710 sagte
805 1667 859 1701 die

179 1713 401 1747 Eidessormel
438 1724 500 1747 vor
536 1716 693 1757 (praeire
728 1714 858 1755 verba).

178 1777 225 1783 —
248 1770 284 1791 se
303 1784 310 1791 .
326 1786 333 1792 .
348 1762 436 1800 eius]
462 1758 562 1792 beide
578 1758 784 1792 Pronomina
802 1758 862 1791 auf

180 1803 302 1837 andere
328 1803 500 1838 Personen
535 1804 689 1847 bezogen
727 1804 777 1837 als
813 1804 858 1836 im

180 1848 363 1891 folgenden
388 1861 444 1882 se.
461 1876 468 1884 .
487 1860 584 1889 eum3
610 1852 668 1882 sui
691 1850 782 1882 ware
799 1859 860 1882 un-

181 1893 342 1927 deutlich.
367 1914 411 1918 —
442 1895 630 1927 concilium
652 1896 776 1937 plebis]
802 1894 861 1928 der

180 1937 319 1972 Prozess
344 1939 429 1972 wird
455 1940 547 1972 nicht
572 1940 622 1972 als
647 1939 860 1982 Kapitalpro-

180 1983 250 2017 zess
267 1985 469 2023 betrachtet,
495 1985 553 2017 der
569 1984 634 2018 wie
653 1986 683 2025 6,
700 1986 754 2025 20,
770 1987 810 2018 10
828 1985 862 2017 in

182 2029 520 2063 Centuriatkomitien
553 2029 689 2072 gefiihrt
724 2029 861 2062 worden

181 2076 288 2114 κνῖπες
315 2084 341 2108 5.
366 2074 464 2109 Mms.
490 2074 568 2107 StR.
596 2074 643 2116 2²,
669 2076 746 2108 291.

227 2121 258 2153 6.
282 2121 395 2152 solum
408 2122 590 2161 inermem]
607 2120 639 2152 in
655 2121 767 2153 seiner
780 2119 862 2152 Ver-

180 2166 367 2199 lassenheit
386 2166 551 2205 wehrlos;
568 2165 637 2208 vgl.
654 2167 682 2205 1,
703 2167 757 2206 58,
772 2166 802 2198 3.
817 2183 860 2189 -

180 2212 306 2244 stolide
329 2211 495 2253 ferocem]
522 2222 548 2245 S.
569 2213 620 2252 10,
635 2213 673 2249 5;
701 2212 731 2252 3,
750 2212 803 2251 29,
823 2212 859 2250 3;

181 2256 260 2290 Tac.
274 2257 361 2290 Ann.
378 2260 407 2299 1,
422 2258 460 2291 3:
484 2257 612 2290 stolide
635 2255 800 2295 ferocem.
815 2275 859 2279 —

175 2312 268 2344 prae
291 2313 327 2334 se
349 2329 356 2336 .
372 2328 380 2336 .
403 2303 499 2344 tulit]
525 2313 561 2336 er
577 2301 723 2335 erklarte
749 2326 757 2335 .
776 2326 783 2334 .
809 2300 859 2334 of-

181 2347 333 2380 fentlich.

229 2395 258 2425 7.
282 2393 431 2435 perinde
455 2395 507 2434 ut]
532 2403 558 2426 S.
577 2394 608 2433 6,
628 2393 663 2430 8;
688 2392 761 2425 hier
785 2401 859 2425 ver-

182 2437 337 2481 bunden3
363 2442 458 2472 sonst
483 2437 759 2481 korrespondiert
776 2447 860 2480 per-

181 2483 264 2514 inde
296 2482 371 2515 dem
405 2483 689 2526 vergleichenden
714 2486 756 2515 ut
779 2482 860 2516 oder

183 2530 374 2570 tamquam,
399 2539 441 2560 ac
457 2531 514 2570 (=
527 2529 560 2561 in
578 2528 728 2572 gleicher
744 2527 859 2561 Weise

933 1351 988 1381 11:
1026 1348 1134 1380 multi
1159 1359 1216 1380 eas
1237 1350 1388 1390 gravius
1412 1359 1524 1391 aequo
1550 1350 1612 1382 Ιια-

929 1395 1050 1433 buere,
1076 1393 1156 1427 Tac.
1170 1394 1256 1427 Ann.
1271 1396 1302 1436 4,
1317 1395 1375 1428 21:
1404 1405 1494 1437 quae
1511 1419 1519 1427 .
1540 1421 1547 1428 .
1563 1397 1610 1427 ci-

929 1440 1048 1472 viliter
1066 1440 1200 1473 hahuit.
1226 1459 1270 1463 -—
1294 1440 1345 1480 id]
1372 1439 1426 1472 die
1444 1439 1533 1472 That
1550 1440 1611 1473 des

930 1483 1082 1525 Sohnes;
1097 1484 1156 1517 das
1170 1484 1277 1517 Urteil
1289 1485 1419 1527 spricht
1431 1484 1546 1518 Livius
1559 1485 1610 1519 als

929 1529 989 1563 das
1008 1530 1138 1572 seinige
1156 1540 1216 1563 aus
1233 1531 1348 1572 (erat),
1374 1530 1533 1572 obgleich
1552 1530 1611 1564 der

929 1575 1043 1608 Grund
1076 1575 1125 1608 als
1150 1575 1294 1609 Ansicht
1326 1576 1386 1609 des
1412 1575 1521 1610 Volks
1551 1576 1611 1610 be-

928 1621 1051 1654 richtet
1076 1620 1172 1654 wird.

976 1668 1007 1700 8.
1027 1668 1203 1707 memissa]
1237 1665 1296 1699 der
1319 1665 1492 1709 Anklager
1516 1666 1611 1710 giebt

929 1711 993 1745 den
1008 1711 1146 1745 Prozess
1159 1711 1220 1745 aus
1228 1725 1236 1751 ;
1263 1711 1331 1755 vgl.
1346 1713 1378 1751 4,
1388 1713 1443 1753 42,
1458 1713 1493 1746 8:
1518 1713 1613 1746 nillil

928 1767 1061 1790 moror.
1079 1777 1123 1781 —
1141 1768 1269 1790 causae
1289 1758 1411 1798 dictio]
1437 1757 1503 1790 wie
1528 1768 1612 1790 cau-

928 1813 1004 1835 sam
1029 1803 1117 1836 dicit
1147 1803 1234 1837 auch
1266 1812 1345 1836 vom
1370 1801 1610 1846 Angeklagten

929 1852 1050 1890 gesagt
1075 1848 1171 1881 wird.
1189 1867 1234 1872 —
1250 1849 1320 1891 ipsi
1337 1874 1344 1880 .
1364 1874 1372 1881 .
1390 1849 1530 1889 honam]
1555 1847 1610 1881 die

930 1892 1235 1936 Vergewaltigung
1266 1893 1325 1926 des
1362 1892 1609 1927 sakrosankten

930 1937 1103 1971 Tribunen
1127 1938 1222 1971 hatte
1245 1938 1299 1971 die
1323 1937 1473 1971 harteste
1498 1937 1609 1972 Strase

930 1982 1101 2023 verdient;
1141 1983 1209 2026 vgl.
1243 1982 1392 2016 Seneca:
1427 1983 1521 2016 nulli
1544 1984 1611 2017 aliz·

930 2029 1034 2060 licuit
1043 2030 1178 2070 inpune
1195 2030 1377 2060 tribunum
1392 2030 1431 2061 in
1450 2029 1609 2062 ordinem

930 2073 1111 2115 redigere;
1139 2073 1207 2115 vgl.
1233 2073 1313 2106 lhne
1331 2072 1398 2107 RG.
1420 2076 1450 2115 1,
1464 2075 1540 2108 360.

976 2121 1006 2153 9.
1031 2119 1079 2151 ad
1103 2119 1271 2160 legiones]
1296 2119 1401 2162 hangt
1422 2119 1515 2153 wohl
1540 2130 1608 2154 von

928 2163 1011 2203 fieri
1035 2164 1095 2202 ab;
1133 2163 1202 2206 vgl.
1218 2165 1272 2206 22,
1291 2165 1341 2205 19,
1356 2166 1393 2203 4;
1432 2165 1486 2207 34,
1500 2167 1532 2207 6,
1548 2167 1608 2200 13:

927 2220 1046 2242 servos
1069 2209 1118 2242 ad
1140 2220 1275 2242 remum
1289 2234 1297 2243 .
1313 2236 1321 2242 .
1338 2210 1522 2250 dabamus;
1549 2215 1609 2244 zur

930 2253 1038 2287 Sache
1063 2254 1130 2297 vgl.
1146 2255 1258 2287 Ascon
1283 2265 1324 2289 zu
1343 2255 1410 2290 Cic.
1427 2256 1461 2288 in
1476 2254 1570 2289 Verr.
1584 2255 1608 2298 1,

929 2301 986 2334 30:
1013 2301 1239 2332 tribunorum
1264 2300 1334 2333 duo
1354 2311 1512 2343 genera.-
1531 2303 1608 2343 pri-

927 2355 1023 2377 mum
1048 2356 1169 2377 eorum
1195 2348 1257 2388 qui
1274 2344 1401 2385 Rufulz·
1416 2346 1609 2379 dicuntur:

928 2392 966 2423 Izi
990 2392 1028 2422 in
1052 2393 1212 2423 emer-citu
1237 2392 1357 2423 mari
1378 2391 1491 2424 solent
1499 2404 1513 2432 ‚·
1542 2392 1609 2425 aliz·

927 2439 1011 2468 sunt
1028 2437 1213 2477 comitiati,
1232 2438 1294 2479 qui
1303 2435 1434 2469 Romae
1451 2438 1608 2470 comitiis

928 2482 1180 2524 designantur-3
1207 2491 1233 2514 s.
1259 2492 1300 2514 zu
1319 2483 1439 2523 10,18,
1454 2483 1485 2516 3.
1522 2481 1607 2516 Vor-

928 2527 988 2560 her
1020 2536 1134 2560 waren
1165 2526 1231 2559 alle
1263 2537 1330 2560 von
1362 2526 1428 2560 den
1452 2527 1606 2562 Konsuln
