1779 2828
89 111 118 132 a.
139 103 209 132 chr.
230 110 260 132 n.
278 103 340 132 294.
586 91 713 126 LIBER
738 92 778 126 Χ.
817 91 911 127 ΟΑΡ.
939 94 992 127 34.
1021 93 1074 127 35.
1475 89 1553 129 187

91 217 232 250 cautus
244 215 400 259 rueret;
423 209 520 250 duas
538 215 687 250 turmas
708 210 912 250 sociorum
933 209 1065 249 Latini
1089 209 1264 249 nominis
1287 209 1556 261 circumequi-
1588 217 1606 248 τ

90 274 174 310 tare
205 267 364 308 moenia
386 273 504 319 atque
526 267 733 320 explorare
756 268 892 307 omnia
915 267 1036 306 iubet.
1080 267 1234 319 equites
1255 273 1412 319 portam
1435 279 1557 306 unam

89 326 335 378 alteramque
375 323 512 364 eadem
551 325 718 376 regione
750 325 789 364 in
822 324 1053 378 propinquo
1087 331 1268 377 patentes
1300 325 1557 377 conspiciunt

89 383 383 435 itineribusque
413 382 460 422 iis
490 382 655 434 vestigia
688 388 910 422 nocturnae
942 382 1118 422 hostium
1142 383 1271 434 fugae.
1325 383 1555 434 adequitant
1587 389 1605 423 S

89 441 235 482 deinde
256 440 404 481 sensim
426 440 556 492 portis
578 439 801 492 urbemque
824 453 871 479 ex
892 445 979 479 tuto
1002 440 1122 480 rectis
1144 439 1358 480 itineribus
1380 441 1554 492 perviam

90 499 348 552 conspiciunt
380 503 418 537 et
443 498 598 538 consuli
620 498 803 537 referunt
825 510 1034 538 excessum
1056 497 1181 547 urbe;
1214 497 1429 538 solitudine
1452 498 1558 538 haud

89 557 208 597 dubia
239 556 276 596 id
309 555 569 608 perspicuum
592 568 678 596 esse
710 562 749 595 et
771 555 1002 595 recentibus
1022 555 1197 608 vestigiis
1220 556 1335 608 fugae
1358 568 1402 595 ac
1425 562 1556 608 strage

87 627 221 655 rerum
258 613 299 653 in
332 613 601 666 trepidatione
628 620 830 654 nocturna
860 614 1089 654 relictarum
1112 614 1270 666 passim.
1323 614 1384 654 his
1416 613 1559 654 auditis
1589 621 1607 654 9

88 672 230 713 consul
252 671 298 711 ad
322 683 408 712 eam
432 677 585 724 partem
608 671 732 720 urbis,
759 684 878 724 quam
897 672 1077 712 adierant
1099 672 1268 724 equites,
1292 671 1555 712 circumducit

88 743 245 784 agmen.
287 729 516 770 constitutis
536 729 640 769 haud
666 730 807 782 procul
830 736 945 782 porta
968 730 1092 782 signis
1115 730 1292 782 quinque
1317 730 1472 782 equites
1494 731 1554 770 iu-

87 788 155 828 bet
186 788 337 828 intrare
368 786 510 827 urbem
543 793 582 827 et
613 788 813 827 modicum
844 788 1014 841 spatium
1038 800 1274 840 progressos
1297 788 1368 828 tris
1390 800 1554 828 manere

88 846 228 887 eodem
252 845 364 894 loco,
387 845 418 885 si
443 850 524 885 tuta
547 846 774 894 videantur,
798 845 898 886 duos
921 846 1122 899 explorata
1145 847 1190 886 ad
1215 859 1257 886 se
1280 846 1443 885 referre.
1487 846 1557 898 qui
1590 851 1626 885 10

89 904 156 945 ubi
188 904 397 944 redierunt
428 903 753 955 rettuleruntque
785 916 830 943 eo
863 916 905 943 se
929 916 1184 956 progressos,
1218 904 1325 943 unde
1349 904 1389 943 in
1415 916 1556 944 omnes

88 968 223 1015 partes
240 962 555 1013 circumspectus
572 968 688 1008 esset,
702 962 819 1014 longe
837 961 994 1014 lateque
1013 961 1214 1001 silentium
1234 974 1278 1001 ac
1297 961 1554 1002 solitudinem

86 1019 243 1068 vidisse,
261 1019 461 1072 extemplo
480 1019 622 1060 consul
640 1019 827 1059 cohortes
845 1020 1048 1072 expeditas
1071 1020 1110 1059 in
1131 1019 1273 1060 urbem
1297 1019 1465 1067 induxit,
1490 1032 1554 1059 ce·
1587 1025 1624 1058 11

86 1084 196 1118 teros
217 1077 380 1118 interim
413 1082 541 1117 castra
563 1077 813 1117 communire
836 1078 961 1118 iussit.
1013 1078 1184 1130 ingressi
1208 1078 1350 1118 milites
1374 1078 1556 1118 refractis
1589 1083 1625 1115 12

87 1135 242 1176 foribus
273 1147 422 1188 paucos
452 1147 592 1188 graves
623 1141 748 1175 aetate
782 1141 846 1175 aut
875 1135 1066 1176 invalidos
1088 1136 1299 1176 inveniunt
1322 1135 1554 1188 relictaque,

87 1206 190 1247 quae
207 1194 378 1245 migratu
397 1193 569 1233 difficilia
588 1199 733 1234 essent.
776 1206 819 1234 ea
838 1194 1013 1246 direpta;
1038 1201 1074 1234 et
1098 1194 1302 1246 cognitum
1327 1206 1372 1233 ex
1391 1193 1554 1246 captivis
1589 1198 1625 1231 13

87 1257 148 1292 est
179 1251 382 1292 communi
414 1251 581 1292 consilio
604 1251 755 1302 aliquot
777 1251 880 1291 circa
903 1251 1024 1292 urbes
1047 1252 1249 1292 conscisse
1271 1252 1426 1304 sugam;
1460 1264 1553 1291 suos

86 1310 212 1362 prima
235 1309 364 1362 vigilia
387 1310 611 1361 prosectos;
635 1308 798 1349 credere
821 1309 988 1349 eandem
1011 1311 1051 1350 in
1076 1310 1160 1350 aliis
1184 1309 1350 1349 urbibus
1372 1309 1551 1349 solitudi-

87 1380 180 1408 nem
202 1368 451 1407 inventuros.
493 1366 609 1407 dictis
632 1367 877 1419 captivorum
901 1367 997 1407 tides
1020 1368 1180 1415 exstitit,
1207 1367 1372 1407 desertis
1395 1367 1552 1420 oppidis
1585 1372 1621 1405 14

86 1425 229 1466 consul
249 1425 415 1478 potitur.

198 1482 322 1523 Alteri
353 1482 509 1523 consuli
530 1482 580 1522 M.
605 1482 722 1522 Atilio
753 1494 1007 1534 nequaquam
1039 1489 1116 1522 tam
1141 1482 1252 1522 facile
1284 1481 1431 1521 bellum
1463 1482 1548 1522 suit.
1571 1485 1618 1523 35

129 1576 147 1586 ,-

137 1583 161 1607 1.
193 1575 334 1606 turmas
357 1574 552 1614 sociorum]
584 1572 634 1606 sie
661 1572 779 1605 hatten

77 1619 116 1661 je
141 1620 185 1654 60
218 1618 286 1660 (die
312 1618 483 1652 romische
507 1617 632 1651 Turma
659 1619 697 1660 je
724 1620 780 1658 30)

851 1583 950 1611 7·um;
970 1582 995 1605 s.
1015 1574 1046 1613 2,
1070 1574 1120 1606 10.
1139 1573 1194 1612 43,
1217 1573 1273 1611 12;
1293 1577 1325 1613 0,
1340 1575 1395 1613 -15,
1417 1575 1474 1611 16;
1494 1575 1549 1613 41,

854 1620 907 1659 12,
927 1621 965 1657 9;
994 1618 1064 1660 vgl.
1082 1620 1136 1659 34,
1155 1620 1209 1659 55,
1229 1620 1267 1657 4;
1296 1620 1350 1659 35,
1369 1620 1497 1660 30,11.

81 1665 197 1699 Manu.
215 1685 260 1689 —
273 1666 588 1708 circumequitare]
604 1664 781 1697 vielleicht

83 1722 146 1745 nur
163 1711 237 1745 hier
259 1710 464 1754 gebraucht;
492 1711 564 1744 Liv.
583 1709 689 1744 denkt
706 1710 779 1743 sich

83 1757 140 1791 die
157 1756 257 1791 Stadt
275 1757 342 1791 wie
357 1756 511 1791 Milionia
534 1757 568 1790 in
587 1756 646 1790 der
663 1755 779 1790 Ebene

81 1803 232 1847 liegend.
249 1822 295 1828 —
311 1814 423 1837 unam
448 1803 684 1846 alteramque]
710 1802 780 1846 vgl.

83 1849 167 1884 Sall.
185 1849 256 1893 lug.
275 1851 330 1891 60,
349 1852 385 1883 7:
404 1860 500 1883 unae
517 1853 625 1892 atque
642 1850 781 1882 alterae

81 1896 217 1934 scalam
252 1895 321 1929 Cic.
339 1895 380 1929 ad
401 1896 480 1930 fam.
494 1897 527 1937 3,
545 1898 577 1936 9,
596 1897 633 1929 2:
669 1905 781 1927 unum

82 1943 281 1975 alterumve
289 1942 393 1976 diem.
404 1961 446 1966 —
457 1942 579 1975 eadem
593 1943 674 1984 regi
677 1940 779 1983 οηεἽ

82 1999 109 2022 s.
127 1990 184 2031 43,
204 1990 262 2028 11;
281 1989 337 2031 25,
354 1990 408 2031 11,
425 1991 461 2027 ῖ;
480 1999 522 2021 zu
538 1989 667 2029 33,17‚
686 1989 717 2022 6.
735 2006 780 2012 -

83 2036 122 2067 in
154 2036 381 2078 propinquo]
419 2033 474 2068 die
511 2032 625 2068 Thore
665 2044 780 2067 waren

81 2080 179 2114 nicht
211 2081 294 2115 weit
323 2091 392 2114 von
429 2079 592 2114 einander
629 2080 780 2114 entsernt

81 2126 152 2160 und
185 2126 287 2170 lagen
321 2126 356 2160 in
386 2126 568 2160 desselben
595 2126 778 2169 Richtung.

129 2173 161 2207 8.
177 2175 286 2206 rectis
301 2174 496 2206 itineribus
509 2174 686 2216 perviam]
704 2172 735 2205 d.
747 2173 778 2206 h.

82 2218 134 2252 sie
148 2217 265 2260 seben,
276 2218 352 2252 dass
366 2229 444 2253 man
454 2219 516 2252 aus
526 2219 674 2262 geraden
686 2218 779 2252 Stra—

83 2264 156 2298 l'sen
191 2263 246 2298 die
273 2263 373 2298 Stadt
400 2264 632 2308 ungehindert
657 2264 779 2298 durch-

82 2310 204 2344 ziehen
229 2309 356 2344 konne.
381 2329 424 2334 —-
443 2312 586 2344 consuli
599 2310 779 2352 referunt]

82 2356 303 2399 gewohnlich
320 2355 425 2390 heisst
442 2365 479 2390 es
493 2355 632 2395 referre
650 2357 698 2389 ad
713 2358 779 2390 ali-

82 2413 202 2446 quem,
234 2403 303 2436 wie
329 2402 408 2446 §9³
435 2401 523 2435 doch
550 2412 576 2436 s.
595 2402 690 2436 Caes.
712 2401 778 2436 BG.

71 2446 115 2489 '1,
133 2449 188 2490 37,
209 2450 244 2484 1:
272 2449 359 2482 haec
384 2474 392 2482 .
409 2475 415 2482 .
435 2447 582 2481 Caesari
605 2448 778 2481 mandata

82 2492 347 2533 referebantur.
375 2514 416 2518 —
441 2497 564 2537 strage
588 2495 725 2534 rerum]
752 2504 778 2528 s.

83 2542 115 2581 9,
135 2542 191 2582 40,
211 2542 271 2580 14;
296 2551 338 2574 zu
365 2542 398 2583 2,
415 2542 471 2582 59,
489 2541 520 2574 8.
557 2559 598 2564 -
630 2541 778 2583 passim]

82 2585 175 2620 steht
200 2585 469 2620 nachdrficklich
501 2586 614 2620 hintes
638 2585 780 2619 relicta-

898 1666 930 1700 9.
957 1665 1077 1697 eodem
1106 1666 1194 1706 loco]
1221 1665 1322 1698 naml.
1343 1665 1395 1698 bis
1413 1675 1455 1698 zu
1472 1664 1550 1698 dem

851 1711 900 1744 sie
928 1710 1135 1754 gekommen
1163 1711 1296 1748 waren:
1325 1711 1394 1754 vgl.
1413 1712 1548 1752 43,12;

852 1759 883 1799 6,
903 1758 933 1799 3,
954 1760 988 1791 5:
1016 1759 1076 1792 ibi.
1102 1777 1146 1780 —
1170 1759 1261 1797 tuta]
1289 1756 1437 1799 Subjekt
1463 1756 1550 1792 dazu

851 1803 895 1837 ist
922 1803 976 1836 ein
1004 1802 1138 1837 lokaler
1163 1802 1302 1847 Begriff.

902 1852 953 1884 10.
979 1849 1162 1882 silentium
1188 1860 1230 1882 ac
1252 1850 1495 1892 solitudinem]
1522 1861 1548 1884 s.

853 1897 908 1937 34,
928 1897 982 1937 20,
1001 1897 1031 1930 S.

902 1943 953 1976 12.
978 1944 1140 1985 migratu
1165 1941 1349 1984 difficilia]
1376 1943 1465 1976 muss
1492 1942 1549 1976 be-

852 1987 977 2022 deuten
1018 1985 1224 2031 ‘schwierig
1269 1987 1549 2030 sortzuschaffen‚

851 2034 1035 2077 schwierig
1070 2034 1290 2068 hinsichtlich
1330 2034 1390 2068 des
1425 2033 1549 2068 Trans-

853 2077 979 2124 ports';
1006 2081 1064 2115 der
1090 2079 1272 2114 Ausdruck
1297 2080 1341 2114 ist
1368 2091 1454 2123 ganz
1481 2082 1549 2114 sin-

852 2127 968 2169 gular,
997 2127 1038 2160 da
1065 2126 1126 2160 das
1154 2126 1301 2160 Verbum
1329 2129 1489 2170 migrare
1515 2127 1548 2160 in

851 2173 912 2206 der
937 2173 1010 2207 hier
1029 2172 1298 2207 erforderlichen
1315 2174 1549 2214 (transitiven)

851 2218 1057 2262 Bedeutung
1100 2229 1186 2262 ganz
1225 2220 1335 2252 selten
1375 2219 1549 2262 gefunden

851 2264 934 2298 wird
970 2266 1010 2306 (s.
1030 2265 1090 2299 Sil.
1109 2265 1147 2299 lt.
1167 2268 1198 2307 7,
1216 2266 1296 2306 431>
1332 2265 1400 2298 und
1433 2264 1548 2298 weder

851 2311 905 2344 bei
931 2310 1048 2344 Livius
1074 2312 1163 2345 noch
1190 2316 1286 2345 sonst
1305 2311 1337 2343 in
1365 2310 1424 2344 der
1442 2309 1547 2344 Prosa

851 2358 1034 2400 begegnet.

899 2404 952 2437 13.
979 2405 1156 2435 conscisse
1170 2401 1312 2444 fugam]
1339 2411 1365 2435 s.
1386 2404 1417 2444 5,
1436 2403 1491 2443 53,
1510 2404 1546 2441 5;

851 2450 906 2489 33,
922 2449 977 2490 48,
994 2451 1047 2483 11.
1060 2467 1103 2473 —
1118 2449 1341 2489 inventuros]
1361 2448 1461 2482 1151111.
1478 2447 1547 2481 Ro-

851 2505 988 2528 manos.

901 2542 951 2575 14.
979 2539 1067 2579 fides
1091 2541 1243 2581 exstitit]
1271 2538 1301 2573 d.
1320 2539 1352 2573 11.
1379 2538 1435 2573 die
1459 2540 1545 2574 Aus-

851 2596 957 2629 sagen
984 2585 1193 2629 best'atigten
1218 2585 1309 2625 sicl1;
1337 2595 1364 2621 s,
1388 2588 1418 2629 1,
1443 2587 1497 2628 16,
1514 2588 1544 2620 5.
