1779 2828
571 62 699 97 LIBER
725 61 793 97 VH.
841 62 935 96 CAP.
962 64 1016 98 35.
1044 65 1098 98 36.
1487 62 1567 101 179

115 85 141 105 a.
161 75 229 103 Chr.
251 83 280 103 n.
298 75 358 104 343.

110 182 176 223 siti
196 180 448 222 moriendum
465 180 529 228 sit,
552 180 584 220 si
600 180 703 231 plus,
722 191 840 231 quam
854 179 961 219 viros
989 192 1033 219 ac
1051 179 1254 220 Romanos
1271 180 1397 227 decet,
1421 181 1570 220 ferrum

110 240 333 280 timeamus.
376 250 470 290 ergo
493 249 574 277 una
595 243 654 278 est
674 237 780 277 salus
802 249 1013 289 erumpere
1035 236 1129 276 hinc
1146 244 1264 289 atque
1282 238 1403 278 abire.
1445 239 1483 278 id
1506 245 1572 278 aut
1603 244 1621 277 9

110 297 285 338 interdiu
307 302 375 336 aut
397 301 516 335 nocte
549 294 738 335 faciamus
760 301 931 347 oportet.
969 306 1062 334 ecce
1080 301 1208 334 autem
1228 295 1330 335 aliud
1351 296 1482 336 minus
1500 297 1572 336 du·
1605 302 1641 335 10

110 355 240 404 bium;
258 353 406 406 quippe
427 352 459 393 si
490 352 559 392 lux
581 358 825 405 expectetur,
849 365 949 405 quae
967 365 1059 405 spes
1084 358 1142 393 est
1159 366 1241 392 non
1258 353 1358 392 vallo
1376 360 1570 405 perpetuo

110 414 293 464 fossaque
323 423 398 450 nos
427 416 658 463 saepturum
681 411 849 459 hostem,
882 411 949 462 qui
981 423 1091 450 nunc
1113 410 1353 463 corporibus
1375 411 1456 451 suis
1477 412 1571 450 sub-

110 470 223 511 iectis
252 468 433 520 undique
455 468 638 516 cinxerit,
671 474 714 509 ut
735 469 896 517 videtis,
929 467 1101 508 collem?
1133 469 1242 521 atqui
1263 469 1295 509 si
1318 482 1397 509 nox
1421 481 1570 521 oppor-

108 535 206 569 tuna
228 533 288 567 est
307 526 523 579 eruptioni,
546 526 650 566 sicut
671 533 743 574 est,
772 527 869 567 haec
890 527 1074 579 profecto
1097 527 1227 567 noctis
1249 527 1451 579 aptissima
1473 527 1571 567 hora

108 591 179 626 est.
239 585 356 637 signo
387 584 586 624 secundae
608 584 760 637 vigiliae
791 584 1044 631 convenistis,
1077 585 1183 636 quod
1207 591 1365 637 tempus
1387 585 1574 625 mortales
1605 591 1641 625 11

107 655 249 684 somno
280 642 470 682 altissimo
501 642 663 695 premit3
694 655 767 695 per
797 655 967 696 corpora
998 642 1125 695 sopita
1155 643 1304 683 vadetis
1330 643 1391 682 vel
1413 643 1570 683 silentio

107 701 292 741 incautos
316 700 499 740 fallentes
515 700 576 740 vel
592 700 861 740 sentientibus
884 700 1056 740 clamore
1079 700 1209 740 subito
1238 713 1424 753 pavorem
1447 701 1571 740 iniec-

106 759 198 799 turi.
250 771 315 798 me
336 757 456 798 modo
479 758 706 810 sequimini,
729 771 847 810 quem
872 758 997 798 secuti
1020 758 1134 807 estis;
1171 771 1244 811 ego
1269 759 1449 803 eandem,
1474 771 1574 811 quae
1606 764 1643 798 12

107 817 219 857 duxit
235 817 328 865 huc,
353 828 498 868 sequar
523 816 739 856 fortunam.
777 815 923 868 quibus
948 816 1046 855 haec
1071 816 1256 856 salutaria
1273 817 1471 861 videntur,
1489 817 1571 868 agi-

105 874 239 915 tedum
272 874 313 914 in
342 874 522 914 dextram
546 880 702 926 partem
723 874 892 927 pedibus
922 873 1116 914 transite.'
1152 887 1292 914 omnes
1321 875 1568 914 transierunt
1592 877 1642 913 36

110 933 402 984 vadentemque
433 944 507 984 per
539 932 764 972 intermissa
798 932 987 973 custodiis
1016 932 1102 971 loca
1126 933 1289 972 Decium
1313 933 1438 972 secuti
1460 939 1566 972 sunt.

104 990 184 1030 iam
215 995 424 1030 evaserant
453 989 583 1029 media
613 996 753 1038 castra,
786 1003 877 1030 cum
908 991 1230 1043 superscandens
1259 991 1420 1043 vigilum
1451 996 1571 1030 strata
1604 997 1622 1028 2

104 1060 248 1089 somno
279 1059 450 1100 corpora
482 1047 595 1087 miles
625 1048 779 1088 offenso
802 1054 916 1089 scuto
939 1048 1120 1100 praebuit
1144 1049 1340 1097 sonitum3
1365 1061 1442 1100 quo
1466 1048 1573 1088 exci-

105 1112 210 1146 tatus
239 1105 333 1159 vigil
364 1117 455 1146 cum
478 1105 706 1158 proximum
736 1106 923 1146 movisset
955 1106 1158 1158 erectique
1190 1106 1287 1147 alios
1310 1107 1570 1151 concitarent.

104 1164 248 1217 ignari,
278 1163 383 1203 cives
412 1176 462 1203 an
496 1163 632 1204 hostes
662 1171 809 1213 essent,
842 1164 1082 1217 praesidium
1108 1171 1335 1217 erumperet
1359 1177 1408 1204 an
1432 1164 1574 1204 consul

152 1267 183 1299 9.
197 1275 272 1298 una
286 1267 339 1298 est
350 1264 462 1310 salus]
474 1265 543 1308 vgl.
554 1264 657 1298 Gell.:
673 1267 704 1307 3,
722 1268 751 1307 7,
769 1268 804 1299 7:

106 1312 181 1345 alia
197 1313 271 1344 nisi
288 1312 376 1344 haec
391 1312 521 1345 salutis
537 1313 597 1344 via
613 1312 715 1345 nulla
738 1316 804 1351 est;

103 1374 149 1387 =
174 1368 211 1392 es
230 1357 326 1401 gicht
344 1368 407 1391 nur
430 1358 506 1391 eine
523 1356 688 1401 Rettung‚
712 1359 805 1392 nam-

104 1403 175 1438 lich
200 1429 208 1438 .
235 1418 259 1443 .;
286 1403 356 1447 vgl.
382 1406 412 1445 5,
432 1406 463 1445 6,
484 1406 543 1443 17;
571 1405 625 1445 21,
644 1406 700 1447 20,
719 1407 749 1438 4.

156 1452 210 1484 10.
236 1451 341 1493 εοεε]-
354 1449 448 1484 rfihrt
469 1450 534 1484 den
560 1460 671 1484 neuen
691 1450 806 1485 Punkt

108 1496 160 1531 als
186 1499 294 1530 etwas
321 1495 633 1538 Uberraschendes,
651 1496 709 1530 der
723 1496 806 1530 Aus-

107 1541 355 1576 merksamkeit
374 1541 559 1586 Wfirdiges
584 1543 655 1582 ein;
684 1554 711 1577 s.
737 1543 805 1576 Cic.

109 1589 150 1623 de
165 1587 224 1622 fin.
241 1591 271 1630 1,
285 1590 325 1623 61
338 1603 345 1628 ;
360 1588 402 1622 de
415 1599 487 1632 rep.
503 1591 532 1631 1,
547 1591 601 1623 55.
616 1609 660 1613 ——
675 1591 805 1630 autem]

109 1635 215 1677 dient,
240 1635 308 1668 wie
332 1639 430 1668 sonst
453 1637 526 1668 iam
556 1646 640 1668 vero
666 1635 735 1669 und
760 1636 806 1668 im

109 1679 297 1724 folgenden
335 1682 438 1723 atqui
467 1683 508 1722 (s.
527 1683 558 1723 6,
583 1683 638 1723 37,
658 1682 710 1723 2),
748 1692 807 1715 zur

108 1726 806 1770 WeiterffihrungderSchlusssolgerung.

108 1793 154 1798 —
171 1772 287 1814 aliud]
313 1775 422 1806 etwas
441 1772 597 1815 anderes,
623 1773 679 1807 ein
696 1773 807 1807 Zwei-

110 1823 181 1859 tes3
208 1829 235 1854 s.
261 1821 291 1860 1,
311 1819 365 1860 21,
384 1820 414 1853 6.
440 1838 485 1843 —
511 1821 643 1862 quippe
667 1820 710 1861 si]
736 1819 806 1862 vgl.

110 1865 179 1899 Cic.
198 1876 230 1910 p.
248 1863 319 1898 Mil.
340 1866 400 1903 47;
427 1875 468 1899 zu
492 1865 564 1898 Liv.
584 1867 615 1902 3,
633 1866 687 1900 21.
707 1867 738 1899 4.
763 1885 809 1889 -—

108 1913 292 1952 subiectis]
319 1921 373 1944 am
391 1910 493 1945 Fusse
520 1911 579 1945 des
605 1911 754 1954 Hfigels;
781 1922 807 1945 s.

110 1959 166 2000 34,
185 1959 223 1993 3:
248 1957 388 1990 vallem.

158 2006 211 2038 11.
227 2005 333 2046 signo
346 2003 524 2036 secundae
538 2003 701 2046 vigiliae]
720 2003 807 2037 nach

109 2049 348 2089 Mitternacht;
381 2050 451 2093 vgl.
481 2049 542 2083 Sil.
567 2049 640 2083 Ital.
669 2052 699 2092 7,
727 2052 808 2084 154;

110 2096 266 2130 mediam
289 2099 408 2129 somni
424 2106 504 2129 cum
523 2097 654 2129 bucina
671 2101 808 2129 noctem

111 2142 310 2183 divideret5
340 2144 484 2186 iamque
508 2143 680 2175 excubias
703 2145 811 2175 sorti-

112 2191 171 2222 tus
186 2190 333 2232 iniquas
352 2190 463 2222 terti
469 2198 518 2221 us
546 2190 701 2232 abrupta
723 2189 813 2231 vigil

110 2236 183 2268 iret
206 2234 255 2268 ad
270 2244 373 2268 arma
398 2236 526 2278 quiete.
542 2253 588 2259 —-
606 2235 703 2277 quod
727 2239 811 2268 tem-

111 2291 180 2325 pus
204 2305 213 2315 .
239 2305 248 2314 .
273 2282 410 2322 somno]
445 2283 530 2314 statt
558 2291 627 2324 quo
654 2284 811 2324 tempore

113 2337 275 2367 somna-53
301 2326 372 2370 vgl.
399 2328 454 2369 30,
482 2327 535 2360 12.

162 2374 215 2408 12.
251 2373 369 2414 modo]
411 2372 466 2406 bei
511 2372 589 2406 dem
625 2372 810 2416 Imperativ

114 2419 207 2453 steht
229 2419 355 2462 modo,
387 2418 483 2452 nicht
506 2421 657 2453 tantum.
688 2438 732 2443 —
760 2431 812 2452 se-

115 2474 208 2507 quar
223 2463 426 2506 fortunam]
452 2474 479 2499 s.
506 2466 560 2507 22,
579 2466 633 2507 27,
651 2467 684 2499 4.

160 2509 225 2546 36.
251 2513 280 2545 1.
305 2512 510 2544 intermissa
529 2511 702 2544 custodiis
720 2511 811 2552 loca]

115 2555 186 2599 vgl.
201 2557 234 2599 5,
248 2558 302 2599 46,
316 2558 353 2596 9;
369 2556 425 2590 bei
438 2556 554 2591 Livius
571 2557 764 2597 mehrfach;
786 2567 814 2590 s.

879 1266 934 1307 23,
955 1267 1007 1307 17,
1026 1268 1064 1305 6;
1085 1268 1140 1300 24.
1155 1268 1210 1308 35,
1227 1267 1261 1305 ὃς
1283 1268 1337 1307 34,
1357 1267 1411 1309 37,
1431 1267 1465 1305 S;
1485 1266 1571 1299 auch

879 1312 931 1345 bei
960 1312 1080 1350 Casan
1107 1317 1193 1346 statt
1219 1312 1306 1345 Iocis
1330 1314 1392 1345 ubi
1410 1338 1417 1346 .
1437 1339 1444 1347 .
1464 1315 1575 1345 inter-

876 1360 1007 1391 missae
1021 1359 1207 1392 custodiae
1217 1362 1339 1394 erant:
1355 1359 1410 1392 die
1420 1358 1573 1392 Wachen

878 1404 994 1438 bilden
1016 1405 1110 1438 nicht
1131 1406 1206 1438 eine
1222 1405 1453 1448 vollstandige
1475 1404 1573 1438 Kette

877 1461 934 1483 um
961 1450 1026 1484 den
1046 1450 1166 1495 finget,
1193 1450 1339 1484 sondern
1367 1451 1422 1484 die
1448 1450 1573 1484 Feinde

877 1497 996 1540 lagern
1030 1497 1063 1530 in
1096 1498 1274 1531 einzelnen
1302 1496 1574 1541 Truppenabtei-

877 1543 1023 1586 lungen;
1053 1554 1078 1577 s.
1104 1544 1125 1587 ξ
1149 1546 1204 1577 10:
1232 1543 1445 1576 castellatim
1471 1543 1575 1576 dissi-

874 1592 999 1632 patos:
1019 1589 1089 1633 vgl.
1105 1592 1158 1625 34.
1176 1592 1234 1624 14:
1250 1590 1448 1632 praesidia.
1486 1589 1574 1622 Zwi-

879 1635 984 1669 schen
1023 1635 1141 1669 diesen
1189 1636 1265 1668 sind
1312 1635 1404 1668 nicht
1442 1636 1573 1669 fiberall

879 1681 1115 1725 Wachposten
1137 1681 1335 1725 aufgestellt
1351 1682 1573 1721 (custodiae),

879 1727 1137 1761 welcheLix-ius
1151 1727 1225 1761 hier
1235 1728 1302 1761 wie
1316 1731 1412 1761 sonst
1426 1738 1493 1761 von
1509 1728 1573 1762 den

879 1773 1145 1817 regelmassigen
1184 1773 1439 1807 Nachtwachen
1478 1776 1510 1816 (ξ
1538 1776 1574 1808 2:

880 1819 1045 1862 vigilum)
1071 1820 1338 1854 unterscheidet.

927 1867 958 1899 2.
984 1870 1173 1899 evaserant
1195 1867 1314 1899 media
1339 1869 1471 1907 castra]
1497 1877 1523 1900 s.
1544 1868 1574 1904 2,

881 1913 935 1955 65,
955 1914 991 1951 3;
1019 1913 1068 1945 sie
1088 1923 1204 1946 waren
1230 1912 1494 1956 vorgedrungen
1521 1912 1573 1946 bis

881 1958 966 1992 fiber
983 1958 1038 1992 die
1050 1957 1149 1992 Mitte
1169 1959 1229 1993 des
1248 1958 1374 2002 Lagei-s
1392 1959 1478 1992 nach
1498 1958 1574 1993 dem

881 2003 1001 2037 Freien
1017 2016 1069 2039 zu.
1096 2004 1203 2039 Unter
1219 2008 1338 2038 castra
1352 2004 1397 2038 ist
1411 2005 1505 2038 nicht
1516 2005 1576 2039 das

883 2052 966 2091 34,3
979 2051 1155 2085 erwahnte
1166 2062 1208 2085 zu
1218 2051 1413 2092 verstehen,
1428 2051 1575 2085 sondern

881 2096 936 2130 die
959 2107 1013 2130 am
1034 2097 1134 2131 Fusse
1156 2097 1217 2132 des
1237 2097 1366 2141 Hfigels
1390 2097 1577 2141 lagernden

882 2142 1057 2187 Truppen.
1071 2163 1116 2167 —
1129 2144 1263 2185 offenso
1277 2146 1392 2185 scuto]
1412 2143 1575 2185 dadurch,

881 2188 957 2222 dass
984 2200 1020 2222 er
1044 2190 1106 2223 mit
1125 2190 1200 2224 dem
1221 2189 1359 2224 Schilde
1378 2191 1433 2230 (an
1453 2192 1578 2231 etwas)

882 2235 1042 2274 anstiel's;
1062 2247 1088 2269 s.
1109 2236 1191 2270 Sall.
1205 2235 1283 2279 Jug.
1301 2238 1355 2274 94,
1373 2237 1387 2269 1
1403 2249 1410 2268 ε
1427 2238 1530 2268 scuta
1544 2259 1552 2268 .
1569 2259 1577 2267 .

883 2282 1018 2323 offensa
1051 2293 1120 2325 quo
1155 2283 1268 2315 levius
1299 2284 1507 2323 streperent.
1532 2300 1578 2305 —

882 2330 1074 2369 excitatus]
1094 2339 1119 2361 s.
1142 2330 1194 2369 12,
1215 2329 1249 2361 2:
1277 2339 1323 2360 ex
1339 2337 1462 2359 somno
1480 2328 1577 2359 εισι·-

883 2375 988 2411 tatis;
1016 2376 1047 2415 5,
1066 2376 1120 2409 47,
1139 2376 1176 2407 4:
1210 2375 1360 2406 excitus.
1390 2391 1434 2396 —
1460 2375 1577 2406 conei-

883 2421 1014 2459 tarent]
1052 2420 1118 2453 wie
1148 2419 1273 2452 vorher
1304 2421 1484 2457 movisse&
1519 2418 1578 2452 da-

883 2474 995 2508 gegen
1029 2465 1049 2506 ξ
1076 2467 1093 2498 7
1133 2465 1200 2498 wie
1240 2467 1279 2506 3,
1305 2466 1358 2507 70,
1388 2467 1444 2499 11:
1481 2469 1577 2498 metu

884 2512 1068 2544 concitati.
1082 2530 1128 2535 —
1142 2513 1235 2544 cives
1248 2521 1295 2544 an
1310 2511 1437 2553 hostes]
1451 2521 1577 2555 gegen-

885 2556 1111 2599 fibergestellt
1135 2557 1203 2590 wie
1230 2558 1285 2600 21,
1306 2558 1358 2599 12,
1379 2560 1407 2593 1.

1233 2614 1302 2650 12*
