1779 2828
512 70 638 105 LIBER
663 69 743 104 vul.
793 69 890 105 CAP.
916 71 971 104 31.
998 71 1052 104 32.

57 90 84 111 a.
104 82 172 111 cnr.
194 90 222 110 n.
243 83 304 110 325.
1433 67 1515 106 269

54 188 115 229 rio
145 202 228 229 non
250 189 445 237 inermes,
476 201 559 228 non
587 186 720 226 manci
744 186 890 226 milites
911 186 1074 232 fuerint,
1106 187 1211 238 quod
1240 199 1282 226 se
1304 186 1351 233 Q.
1373 186 1519 228 Fabius

54 247 289 299 magistrum
318 246 498 298 equitum
526 244 685 285 duxerit
713 256 759 284 ac
789 256 872 283 non
904 255 1118 284 accensum
1149 244 1367 284 dictatoris.
1425 245 1521 296 quid
1551 251 1570 283 5

54 304 165 344 illum
189 305 386 345 facturum
407 302 551 351 ruisse,
582 302 635 351 si,
666 302 774 354 quod
795 301 890 341 belli
913 314 1026 342 casus
1047 302 1182 341 ferunt
1202 301 1387 353 Marsque
1409 315 1519 342 com-

53 362 208 411 munis,
238 361 402 402 adversa
437 372 574 413 pugna
605 360 822 408 evenisset,
854 360 923 411 qui
953 359 1029 400 sibi
1054 358 1219 399 devictis
1239 358 1444 408 hostibus,
1474 373 1517 400 re

53 419 217 472 publica
237 419 342 459 bene
363 426 486 470 gesta,
508 418 562 458 ita
583 424 628 458 ut
650 431 731 458 non
755 417 803 457 ab
827 417 893 456 illo
911 418 1033 457 unico
1056 416 1158 456 duce
1179 416 1322 457 melius
1339 417 1424 469 geri
1446 430 1519 470 po·

53 477 188 526 tuerit,
209 476 454 530 supplicium
474 475 665 528 magistro
688 475 866 527 equitum
889 473 1098 515 minetur?
1122 487 1253 526 neque
1270 475 1382 515 illum
1398 476 1522 528 magi·
1553 484 1571 516 6

56 540 140 575 stro
163 535 342 587 equitum
365 534 614 575 infestiorem
637 545 755 586 quam
770 533 946 574 tribunis
962 533 1146 579 militum,
1172 545 1292 584 quam
1314 534 1520 574 centurio-

55 592 186 642 nibus,
203 605 323 645 quam
340 591 532 632 militibus
552 604 653 632 esse.
690 591 722 631 si
739 597 888 644 posset,
907 591 946 631 in
964 603 1104 630 omnes
1120 589 1362 631 saeviturum
1380 591 1519 639 suisse;

52 650 143 703 quia
178 650 219 690 id
264 656 459 702 nequeat,
495 650 537 690 in
574 661 701 690 unum
733 649 905 698 saevire;
942 649 1062 688 etiam
1094 648 1281 688 invidiam
1319 656 1522 701 tamquam
1552 657 1570 688 7

50 708 187 760 ignem
218 719 374 749 summa
404 715 563 762 petere;
599 707 640 747 in
672 713 794 759 caput
825 707 1002 754 consilii,
1039 707 1080 746 in
1110 706 1254 746 ducem
1290 707 1520 757 incurrere;

51 765 84 806 si
105 778 148 806 se
170 765 288 806 simul
310 778 400 806 cum
424 765 550 819 gloria
572 765 630 805 rei
652 772 786 817 gestae
809 765 1056 812 extinxisset,
1086 771 1181 804 tunc
1203 765 1393 804 victorem
1416 765 1521 805 velut

52 823 93 863 in
131 829 248 876 capto
281 824 458 864 exercitu
495 823 792 871 dominantem,
831 822 1023 875 quidquid
1061 822 1217 861 licuerit
1254 823 1294 862 in
1331 823 1521 874 magistro

52 881 244 934 equitum,
276 881 317 921 in
346 881 539 921 militibus
563 893 767 921 ausurum.
829 880 1000 933 proinde
1029 880 1214 920 adessent
1244 880 1283 919 in
1315 892 1384 920 sua
1407 893 1523 920 causa
1555 887 1573 919 *3

53 939 234 980 omnium
256 938 442 979 libertati.
485 939 517 979 si
539 951 786 980 consensum
809 938 1009 978 exercitus
1031 938 1223 984 eundem,
1247 938 1315 990 qui
1339 939 1378 977 in
1402 951 1521 990 proe-

50 996 104 1037 lio
135 997 274 1045 fuerit,
305 997 346 1037 in
383 997 533 1036 tuenda
562 996 726 1036 victoria
756 996 883 1036 videat
914 1003 953 1036 et
979 995 1147 1036 salutem
1177 996 1297 1035 unius
1335 996 1523 1036 omnibus

51 1066 172 1094 curae
203 1067 310 1104 esse,
342 1055 628 1094 inclinaturum
659 1054 706 1094 ad
729 1054 1032 1094 clementiorem
1057 1054 1299 1093 sententiam
1321 1054 1520 1103 animum;

51 1117 254 1166 postremo
277 1125 320 1153 se
342 1112 460 1152 vitam
483 1113 747 1164 fortunasque
769 1124 860 1152 suas
896 1111 1053 1151 illorum
1080 1111 1170 1150 fidei
1193 1111 1408 1163 virtutique
1433 1124 1524 1164 per·
1555 1118 1574 1150 9

0 1170 11 1175 ’
50 1170 222 1210 mittere.
272 1170 424 1210 clamor
445 1182 466 1210 e
488 1176 570 1210 tota
600 1170 791 1210 contione
815 1175 946 1217 ortus,
980 1169 1036 1209 uti
1067 1169 1218 1208 bonum
1249 1169 1425 1208 animum
1449 1169 1518 1208 ha·
1544 1171 1593 1208 32

53 1228 187 1268 beret:
226 1228 430 1276 neminem
465 1228 520 1268 illi
549 1228 628 1267 vim
659 1227 883 1267 adlaturum
917 1226 1032 1267 salvis
1062 1226 1288 1278 legionibus
1318 1227 1523 1267 Romanis.

53 1285 159 1325 haud
190 1286 315 1326 multo
346 1291 436 1339 post
464 1285 635 1326 dictator
656 1285 815 1325 advenit
848 1285 1095 1336 classicoque
1117 1284 1316 1336 extemplo
1346 1285 1391 1324 ad
1425 1297 1524 1324 con-

54 1343 206 1384 tionem
236 1344 449 1384 advocavit.
502 1349 586 1384 tum
619 1343 778 1383 silentio
809 1343 912 1382 sacto
947 1355 1092 1394 praeco
1125 1342 1171 1389 Q.
1202 1342 1370 1381 Fabium
1401 1343 1526 1395 magi·
1558 1348 1576 1380 2

54 1407 181 1441 strum
205 1401 386 1453 equitum
417 1401 560 1442 citavit.
620 1401 688 1453 qui
720 1401 838 1440 simul
868 1413 915 1440 ex
943 1400 1134 1440 inferiore
1156 1400 1244 1440 loco
1278 1400 1324 1439 ad
1349 1399 1525 1440 tribunal

54 1459 246 1507 accessit,
283 1465 369 1499 tum
405 1459 577 1499 dictator
605 1453 792 1511 ‘quaero'
827 1458 959 1509 inquit
990 1453 1056 1497 ‘de
1093 1464 1148 1504 te,
1187 1457 1233 1504 Q.
1272 1457 1387 1504 Fabi,
1435 1470 1526 1498 cum
1559 1465 1576 1496 3

55 1528 256 1557 summum
279 1517 491 1569 imperium
514 1516 720 1557 dictatoris
752 1516 802 1557 sit
834 1523 1082 1569 pareantque
1114 1516 1149 1555 ei
1180 1515 1388 1562 consules,
1419 1516 1527 1568 regia

56 1596 267 1639 indignam
305 1596 376 1639 vgl.
404 1598 459 1637 33,
483 1599 523 1631 4:
562 1607 755 1639 conquere-

55 1644 160 1675 retur
182 1643 271 1682 vim;
299 1643 331 1684 6,
351 1644 405 1684 15,
424 1644 478 1677 13.
506 1662 550 1667 -
575 1644 709 1683 manci]
728 1652 754 1676 s.

59 1690 112 1728 13,
139 1689 170 1722 6.
210 1708 254 1712 -
291 1691 493 1730 accensum]
529 1698 556 1722 s.
582 1690 615 1729 3,
641 1689 697 1725 33.
724 1689 755 1721 8.

104 1735 135 1767 5.
174 1734 263 1777 quid
276 1734 445 1775 ..suisseJ
483 1744 520 1767 es
558 1735 649 1767 ware
687 1744 756 1767 von

57 1779 127 1813 ihm
159 1779 220 1813 das
253 1779 475 1814 Schlimmste
509 1790 551 1813 zu
586 1783 755 1814 erwarten

56 1835 233 1869 gewesen.
265 1845 307 1850 —
341 1826 493 1859 adversa
519 1836 646 1869 pugna
681 1837 758 1858 eve-

56 1873 181 1913 nisset]
213 1882 240 1906 s.
276 1873 338 1914 21,
371 1873 433 1913 21,
467 1874 499 1907 9.
525 1891 568 1896 —
594 1873 755 1913 devictis]

57 1917 162 1952 nimi·
181 1929 203 1951 a
219 1929 267 1951 se.
292 1937 338 1942 —
362 1919 484 1959 unico]
511 1918 701 1962 spottisch;
728 1928 755 1953 s,

59 1965 115 2005 22,
142 1965 196 2006 14,
221 1965 253 1998 9.

106 2010 138 2043 6.
154 2012 377 2043 saeviturum
393 2009 520 2052 fuisse]
539 2009 634 2043 seine
653 2009 758 2043 Grau-

59 2055 225 2098 samkeit,
257 2055 414 2099 Blutgier
449 2055 567 2089 wurde
600 2056 672 2089 sich
700 2056 761 2089 auf

59 2100 127 2135 ane
154 2101 324 2135 erstreckt
349 2102 482 2144 haben,
507 2117 552 2129 =
577 2112 614 2135 er
639 2101 758 2135 wurde

61 2147 126 2182 den
144 2146 231 2181 Plan
250 2147 377 2190 gefasst
396 2148 520 2189 haben,
539 2147 605 2181 alle
624 2159 664 2181 zu
684 2158 760 2181 ver-

60 2193 212 2227 nichten.
237 2212 283 2218 -
307 2194 485 2227 invidiam
500 2221 507 2227 .
523 2194 544 2236 .]
571 2203 598 2227 s.
621 2196 677 2235 45,
704 2195 760 2235 35,

63 2241 100 2274 5:
119 2241 257 2273 intacta
283 2240 424 2273 invidia
449 2240 568 2273 media
591 2243 687 2283 sunt,
713 2240 763 2273 ad

61 2296 200 2319 summa
222 2284 301 2325 fere
325 2286 453 2320 tendit.

109 2334 142 2366 7.
157 2330 291 2376 ignem]
307 2331 366 2366 der
378 2331 488 2371 Blitz;
503 2342 529 2365 s.
545 2342 587 2366 zu
598 2333 652 2373 21,
664 2333 760 2373 58,5.

62 2397 107 2402 —
124 2380 326 2419 incurrere]
352 2377 453 2411 nami.
472 2378 698 2412 dictatorem.
717 2397 762 2402 —

62 2424 103 2456 in
113 2449 122 2458 .
134 2449 142 2457 .
152 2426 315 2457 emer-citu
329 2423 589 2467 dominantem]
605 2423 761 2467 dagegen

68 2470 99 2511 3,
118 2470 173 2511 53,
191 2471 228 2503 7:
254 2469 441 2503 dominari
462 2472 502 2505 in
520 2470 760 2505 adversarios.

65 2534 110 2539 -—
134 2517 173 2547 in
197 2517 375 2558 magistro
390 2541 398 2550 .
415 2518 435 2558 .]
461 2526 490 2549 s.
515 2517 571 2557 25,
597 2517 628 2551 6.

111 2562 142 2595 8.
171 2561 343 2602 libertati]
377 2562 428 2596 als
463 2562 507 2596 ob
539 2572 576 2595 er
606 2562 641 2595 in
667 2563 761 2596 einer

828 1594 1200 1638 Volksversammlung
1233 1595 1393 1638 sprache;
1434 1606 1460 1629 s.
1496 1598 1527 1637 3,

830 1644 882 1682 10,
901 1643 954 1676 14.
970 1645 1025 1683 50,
1044 1644 1094 1675 10.
1111 1653 1142 1675 u.
1158 1652 1187 1675 a.
1211 1662 1253 1666 —
1273 1642 1405 1683 videat]
1426 1642 1526 1675 naml.

829 1688 1004 1729 dictator,
1039 1697 1109 1720 was
1136 1688 1223 1721 auch
1251 1688 1305 1720 bei
1333 1688 1529 1720 inclinatu-

828 1744 922 1771 rum,
948 1733 1016 1766 wie
1043 1733 1130 1767 oben
1160 1734 1180 1776 ξ
1208 1735 1227 1767 2
1257 1733 1309 1766 bei
1336 1735 1460 1766 venire
1486 1744 1526 1767 zu

829 1779 966 1813 denken
991 1779 1047 1812 ist.

874 1824 939 1861 32.
991 1827 1019 1859 1.

830 1874 860 1912 7,
887 1873 942 1913 36,
969 1873 999 1905 9.

876 1919 908 1952 2.
945 1917 1091 1950 silentio
1127 1916 1239 1958 facto]
1273 1928 1301 1950 s.
1333 1918 1394 1959 33,
1427 1918 1458 1951 2.
1484 1937 1528 1942 —

1056 1826 1205 1858 classico
1223 1852 1229 1858 .
1245 1852 1251 1859 .
1267 1825 1473 1866 advocavit]
1501 1835 1526 1859 s.

824 1966 972 2007 praeco]
1001 1963 1061 1996 der
1086 1964 1118 1996 in
1138 1963 1528 1997 Gericlitsverhandlun-

829 2020 896 2052 gen
914 2009 970 2043 die
990 2009 1182 2052 Beklagten
1202 2009 1325 2043 vorlud
1346 2009 1412 2043 und
1431 2008 1528 2043 Rube

830 2056 946 2099 gebot.
974 2075 1015 2080 —
1043 2056 1092 2088 ad
1115 2056 1293 2099 tribunal]
1320 2065 1347 2088 s.
1366 2058 1398 2096 7,
1419 2057 1471 2096 13,
1491 2058 1528 2094 2:

830 2112 867 2135 es
899 2103 944 2135 ist
976 2101 1068 2135 links
1100 2112 1162 2135 vor
1193 2101 1270 2134 dem
1304 2101 1529 2143 Praetorium,

830 2158 873 2181 an
892 2148 957 2181 den
977 2147 1148 2190 Principia
1175 2147 1320 2191 gelegen
1340 2147 1409 2181 und
1428 2148 1530 2181 ziem-

832 2194 901 2227 lich
927 2194 1104 2237 geraumig
1131 2204 1171 2227 zu
1198 2193 1346 2235 denken,
1373 2193 1415 2226 da
1443 2194 1528 2226 nach

832 2241 886 2279 33,
918 2242 933 2274 1
961 2239 1016 2273 die
1042 2239 1218 2273 Tribunen
1245 2240 1306 2272 aus
1328 2239 1529 2272 demselben

833 2285 929 2319 Platz
945 2286 1072 2324 bahem
1091 2296 1118 2319 s.
1133 2285 1214 2319 Tac.
1229 2286 1316 2319 Ann.
1334 2287 1364 2328 1,
1378 2287 1440 2322 39;
1460 2285 1528 2327 vgl.

832 2332 903 2365 Liv.
919 2333 974 2372 23,
990 2333 1044 2371 23,
1062 2334 1090 2366 1.
1140 2331 1218 2364 Hier
1238 2330 1338 2364 stand
1363 2331 1418 2364 die
1440 2331 1528 2365 sella

835 2379 972 2411 curulis
996 2377 1057 2411 des
1084 2377 1287 2414 Feldherrn;
1315 2387 1340 2409 s.
1368 2376 1386 2420 ξ
1415 2378 1465 2410 14.

880 2425 912 2458 3.
938 2426 1084 2467 quaero]
1119 2424 1164 2455 im
1200 2422 1386 2465 folgenden
1419 2425 1531 2457 inter-

832 2481 935 2513 rogo,
961 2480 1017 2502 um
1037 2468 1324 2505 abzuwechselm
1351 2479 1412 2502 zur
1429 2469 1529 2503 Form

833 2516 892 2549 der
918 2515 1012 2549 Rede
1037 2515 1108 2557 vgl.
1130 2517 1166 2562 51,
1192 2516 1247 2554 40,
1273 2513 1341 2548 Gff.
1367 2534 1412 2540 --
1436 2526 1531 2548 sum-

831 2572 929 2594 mum
961 2563 1151 2604 imperium
1177 2561 1370 2593 dictatoris
1401 2563 1460 2602 eit]
1485 2577 1530 2589 =
