1779 2828
634 82 762 117 LIBER
789 82 884 118 vnn.
921 84 1026 118 (ΞΑΡ.Δ
1044 85 1097 119 16.
1540 85 1595 124 35

133 101 158 122 a.
180 93 249 125 Chr.
271 102 299 123 n.
320 95 381 124 319.

130 200 455 253 praesidiumque
485 212 626 240 eorum
658 200 699 240 in
732 199 876 239 urbem
909 208 1162 252 acceperant,
1196 213 1282 241 rem
1313 202 1447 254 gessit.
1505 215 1598 242 nam

130 270 221 298 cum
244 258 290 298 ad
313 258 472 299 moenia
495 258 637 297 Satrici
659 257 842 298 admotus
864 265 968 298 esset
990 258 1189 298 exercitus
1214 259 1435 312 legatisque
1466 261 1601 301 missis

130 316 178 356 ad
209 327 348 368 pacem
380 327 471 355 cum
504 315 693 368 precibus
723 315 938 368 petendam
960 316 1073 355 triste
1095 329 1336 368 responsum
1359 317 1407 356 ab
1431 319 1596 359 consule

129 373 326 414 redditum
359 379 476 420 esset,
508 373 586 414 nisi
617 374 815 426 praesidio
839 374 1077 414 Samnitium
1109 374 1322 414 interfecto
1354 383 1419 414 aut
1451 376 1595 416 tradito

129 445 181 472 ne
203 431 249 471 ad
271 444 313 471 se
334 437 574 479 remearent,
604 431 695 483 plus
717 443 760 471 ea
782 444 879 471 voce
901 444 1019 484 quam
1043 432 1164 472 armis
1185 432 1317 472 inlatis
1339 433 1504 474 terroris
1528 447 1594 473 co-

126 489 230 529 lonis
251 489 457 529 iniectum.
509 489 641 541 itaque
672 489 844 529 subinde
866 496 1111 530 exsecuntur
1133 491 1363 542 quaerendo
1388 504 1407 530 a
1430 493 1596 532 consule

126 546 259 599 legati,
291 559 468 598 quonam
502 560 543 587 se
576 554 693 599 pacto
725 560 876 600 paucos
909 555 947 588 et
978 548 1160 587 infirmos
1182 548 1365 588 crederet
1398 550 1594 601 praesidio

123 611 203 644 tam
235 604 363 644 valido
396 612 436 646 et
456 611 608 645 armato
633 605 708 645 vim
731 605 945 646 adlaturos.
988 606 1034 645 ab
1059 606 1198 646 iisdem
1220 606 1431 647 consilium
1457 613 1594 659 petere

123 662 233 710 iussi,
256 661 404 714 quibus
425 663 658 703 auctoribus
678 664 920 716 praesidium
954 664 993 703 in
1017 664 1158 704 urbem
1181 665 1442 717 accepissent,
1465 665 1592 706 disce-

123 720 225 760 dunt
245 732 445 773 aegreque
467 721 694 774 impetrato,
728 728 770 761 ut
792 722 839 762 de
861 734 905 761 ea
928 735 971 761 re
993 722 1149 762 consuli
1172 731 1354 762 senatum
1379 736 1594 775 responsa-

123 790 202 830 que
223 779 271 818 ad
294 790 336 818 se
359 779 502 818 referri
524 779 687 826 sineret,
710 780 758 819 ad
780 792 875 820 suos
898 780 1081 819 redeunt.
1134 781 1234 819 duae
1258 781 1452 821 factiones
1473 794 1589 821 sena-

122 843 208 876 tum
230 836 490 883 distinebant,
523 850 616 883 una,
639 838 754 877 cuius
775 838 980 890 principes
1002 845 1116 877 erant
1138 837 1376 878 defectionis
1399 852 1418 878 a
1441 840 1591 891 populo

122 893 304 934 Romano
327 900 525 941 auctores,
558 895 680 934 altera
702 895 878 935 fidelium
901 896 1058 935 civium.
1112 902 1307 936 certatum
1330 896 1377 935 al)
1412 897 1592 949 utrisque

124 957 256 992 tamen
280 958 351 1000 est,
385 958 429 992 ut
449 953 495 991 ad
518 953 857 993 reconciliandam
880 966 1017 1005 pacem
1043 954 1197 993 consuli
1222 967 1343 1006 opera
1368 962 1590 994 navaretur.

120 1021 212 1062 pars
233 1009 369 1054 altera,
401 1022 492 1050 cum
515 1010 755 1062 praesidium
780 1011 1030 1058 Samnitium,
1064 1012 1154 1063 quia
1179 1012 1278 1051 nibil
1299 1013 1393 1052 satis
1423 1025 1589 1065 praepa-

120 1068 194 1107 rati
215 1073 300 1108 erat
321 1068 367 1107 ad
392 1067 642 1108 obsidionem
676 1069 937 1114 toleiandam,
971 1082 1227 1109 excessurum
1260 1071 1438 1122 proxima
1473 1078 1590 1111 nocte

120 1131 242 1173 esset,
275 1125 488 1166 enuntiare
520 1126 677 1166 consuli
709 1128 804 1166 satis
836 1126 996 1171 habuit,
1031 1139 1105 1178 qua
1140 1128 1269 1167 noctis
1301 1128 1398 1167 liora
1432 1142 1590 1181 quaque

118 1178 233 1236 porta
264 1189 304 1223 et
335 1195 453 1235 quam
484 1184 525 1224 in
558 1184 657 1224 viam
693 1197 929 1236 egressurus
960 1185 1087 1225 hostis
1120 1186 1242 1232 l'·01et;
1277 1185 1410 1229 alteia,
1444 1187 1589 1238 quibus

118 1241 252 1281 invitis
283 1241 477 1281 descitum
509 1242 555 1282 ad
588 1242 788 1282 Samnites
821 1249 926 1289 erat,
960 1243 1096 1282 eadem
1131 1250 1249 1283 nocte
1283 1250 1438 1296 portam
1472 1245 1587 1284 etiam

118 1299 275 1339 consuli
313 1305 563 1351 aperuerunt
594 1306 847 1353 armatosque
890 1301 989 1340 clam
1024 1308 1142 1340 nocte
1175 1301 1213 1340 in
1249 1301 1387 1341 urbem
1421 1314 1587 1355 accepe-

116 1362 225 1396 runt.
281 1356 335 1396 ita
367 1357 516 1410 duplici
550 1358 778 1410 proditione
811 1365 849 1398 et
881 1359 1121 1411 praesidium
1156 1359 1395 1398 Samnitium
1427 1360 1589 1400 insessis

116 1414 220 1454 circa
238 1414 337 1454 viam
360 1415 607 1456 silvestribus
629 1416 727 1456 locis
749 1417 991 1469 necopinato
1015 1429 1253 1469 oppressum
1277 1424 1335 1457 est
1357 1424 1395 1457 et
1418 1418 1465 1457 ab
1488 1418 1588 1458 urbe

115 1471 236 1525 plena
257 1472 432 1513 hostium
454 1473 604 1514 clamor
624 1473 826 1521 sublatus;
853 1481 1140 1526 momentoque
1164 1475 1284 1514 unius
1305 1475 1426 1515 horae
1450 1488 1588 1516 caesus

117 1552 172 1592 27,
195 1551 215 1584 2
230 1550 279 1594 ff.)
296 1551 369 1585 sich
389 1551 476 1586 noch
497 1552 530 1586 in
549 1552 609 1586 der
622 1551 739 1586 Macht
756 1552 816 1586 der

118 1596 266 1632 Volsker
285 1597 447 1639 befindet,
471 1598 600 1632 wieder
617 1599 693 1633 eine
712 1598 816 1632 Kolo-

116 1643 172 1677 nie
197 1644 336 1687 geffihrt
358 1645 498 1678 worden
524 1645 570 1678 ist
592 1646 813 1687 (ς.6,16,6;

115 1688 216 1724 Mms.
232 1688 325 1724 MW.
344 1685 436 1732 313),
462 1691 521 1724 hat
539 1691 611 1724 Liv.
638 1691 733 1725 nicht
759 1692 816 1724 be-

114 1735 237 1769 merkt.
284 1736 356 1769 Aus
390 1736 468 1770 dem
499 1736 696 1780 Folgenden
732 1738 814 1780 geht

115 1781 258 1823 hervor‚
307 1781 382 1815 dass
423 1783 473 1816 sie
515 1782 575 1816 der
607 1782 814 1816 Ubermacht

888 1553 1067 1596 sprechen.
1087 1573 1129 1577 —
1156 1556 1331 1594 senatum]
1358 1564 1386 1587 s.
1413 1565 1454 1587 zu
1481 1556 1512 1593 6,
1533 1556 1586 1592 21,

888 1603 918 1633 ⁵5.
946 1619 988 1624 -—
1014 1600 1064 1643 se]
1093 1600 1241 1633 namlich
1269 1598 1436 1643 Papirius.

934 1648 965 1681 6.
991 1646 1167 1685 factiones
1189 1671 1220 1679 ..
1249 1647 1482 1688 distinebant]
1507 1657 1533 1681 s.
1555 1650 1588 1685 5,

888 1693 950 1733 20,
976 1694 1015 1725 4:
1050 1693 1142 1725 duae
1167 1696 1332 1724 senatum
1367 1693 1586 1727 distinebant

885 1740 1092 1771 sentenciae.
1119 1757 1161 1762 ·—
1188 1739 1348 1779 fidelium
1375 1741 1521 1782 civium]
1548 1751 1586 1774 es

886 1785 978 1817 ware
1005 1784 1214 1825 aussallend,
1240 1795 1342 1818 wenn
1369 1785 1463 1819 diese
1490 1786 1584 1820 nicht

115 1827 191 1868 der,
225 1827 320 1861 wohl
349 1827 481 1871 infolge
515 1828 575 1862 des
606 1828 726 1871 Sieges
760 1829 814 1862 bei

114 1873 300 1914 Caudium,
343 1874 395 1908 bis
432 1884 474 1908 an
512 1874 573 1908 das
605 1874 815 1918 Volskerge-

114 1920 211 1963 birge
229 1919 539 1964 vorgedrungenen
558 1920 735 1955 Samniten
757 1932 815 1965 ge-

113 1966 251 2000 wichen
271 1966 327 2000 ist.

159 2013 190 2046 3.
223 2012 411 2053 Satrici]*
443 2032 487 2037 —
519 2023 600 2046 cum
626 2014 809 2056 pr'ecaebns]

111 2054 226 2092 ‘unter
252 2055 397 2096 Bitten'3
424 2069 451 2094 S.
474 2061 527 2100 11,
544 2061 583 2099 3;
610 2059 670 2093 der
697 2059 807 2094 blosse

112 2104 253 2138 Ablativ
279 2106 312 2146 2,
330 2106 361 2146 2,
381 2106 417 2144 8;
444 2104 513 2148 v.gl
543 2108 571 2146 1
593 2107 644 2147 16,
664 2107 695 2141 3.

158 2153 191 2184 4.
216 2151 381 2192 subinde]
407 2161 434 2185 s.
462 2153 493 2192 7,
518 2154 571 2193 10,
600 2154 652 2186 10.
677 2172 719 2176 —
746 2164 807 2185 εω-

110 2197 310 2230 secuntur*
334 2198 554 2240 quaerendo]
580 2208 607 2232 s.
631 2200 662 2239 3,
691 2200 743 2233 11.
762 2218 806 2223 —

106 2243 259 2286 paucos]
286 2242 357 2277 Liv.
383 2242 491 2277 denkt
517 2255 559 2277 an
585 2244 640 2277 die
666 2245 806 2288 geringe

110 2287 194 2322 Zahl
218 2290 313 2331 (300)
338 2289 399 2323 der
422 2288 638 2324 Kolonisten.
665 2309 708 2314 —
734 2302 807 2324 cre-

111 2334 253 2376 deren*
270 2354 314 2360 —-
340 2337 383 2368 ab
401 2335 542 2380 iisdem]
560 2346 588 2369 s.
609 2339 662 2377 15,
680 2338 719 2375 4;
746 2337 806 2370 das

110 2380 313 2424 Asyndeton
339 2381 424 2415 heht
448 2382 514 2416 den
539 2381 744 2425 Gegensatz.

158 2428 189 2461 5.
220 2429 430 2470 impetrato]
468 2438 495 2462 S.
528 2430 590 2469 30,
623 2430 682 2467 10;
719 2428 806 2462 nach

111 2470 224 2506 einem
247 2483 359 2507 neuen
380 2473 564 2516 Versuche,
589 2473 655 2508 den
676 2473 806 2508 Konsul

111 2527 153 2550 zu
179 2518 342 2558 erbittem
376 2523 475 2554 sonst
506 2520 625 2554 wfirde
657 2529 694 2553 es
728 2520 806 2553 dem

111 2563 417 2607 vorhergehenden
458 2566 647 2599 discedunt
684 2565 808 2599 wider-

887 1830 1012 1863 vorher
1030 1830 1224 1864 vertrieben
1244 1830 1326 1864 oder
1345 1834 1477 1873 getotet
1497 1843 1585 1866 wor-

886 1875 951 1909 den
985 1877 1113 1910 w'aren.
1139 1896 1183 1900 —
1211 1879 1342 1917 tamen]
1369 1887 1395 1911 s.
1417 1879 1448 1918 S,
1472 1881 1523 1914 10.
1544 1880 1583 1917 3;

887 1922 1048 1965 obgleich
1082 1922 1136 1956 die
1172 1923 1248 1956 eine
1276 1922 1386 1957 Partei
1422 1924 1487 1957 den
1518 1923 1584 1958 Rs)-

886 1979 980 2002 mern
1008 1968 1172 2002 seindlich
1200 1979 1281 2002 war.

932 2018 962 2048 7.
978 2016 1073 2048 nihil
1087 2040 1094 2048 .
1106 2040 1113 2048 .
1125 2016 1352 2058 praeparati]
1368 2026 1394 2048 s.
1405 2026 1445 2049 zu
1463 2018 1516 2055 22,
1529 2019 1583 2055 40,

882 2063 912 2095 8.
940 2081 983 2085 —
1015 2063 1226 2103 enuntiare]
1253 2059 1358 2095 ‘offen
1386 2060 1582 2103 mitteilen',

880 2117 954 2141 was
977 2108 1023 2140 im
1047 2108 1228 2150 geheimen
1256 2107 1478 2142 beschlossen
1499 2120 1581 2143 war.

878 2173 921 2178 -—
935 2153 1047 2194 soret]
1058 2169 1102 2181 =
1118 2157 1218 2195 esset,
1237 2155 1302 2187 wie
1317 2153 1367 2187 ost
1383 2154 1435 2187 bei
1453 2154 1581 2188 Livius.

926 2202 956 2234 S.
975 2200 1091 2233 altera
1112 2225 1119 2233 .
1140 2225 1147 2233 .
1167 2202 1402 2243 aper-uerunt]
1422 2200 1482 2234 der
1502 2200 1580 2234 Plu-

877 2245 939 2287 ral,
971 2246 1051 2279 weil
1078 2246 1185 2279 sehon
1213 2247 1273 2279 mit
1300 2247 1430 2289 quibus
1456 2248 1581 2279 invitis

878 2292 932 2325 die
941 2291 1117 2325 Genossen
1133 2293 1191 2325 der
1201 2291 1313 2325 Partei
1330 2292 1505 2325 kenntlich
1522 2302 1579 2334 ge-

878 2338 993 2371 macht
1006 2338 1101 2376 sind;
1117 2339 1186 2381 vgl.
1202 2348 1243 2371 zu
1260 2340 1355 2377 214,
1368 2339 1452 2372 8.-
1469 2338 1580 2370 desci-

879 2387 954 2416 tum
981 2409 988 2416 .
1009 2408 1016 2416 .
1042 2385 1135 2423 erat]
1161 2394 1186 2416 s.
1215 2384 1269 2424 26,
1300 2385 1351 2423 14,
1371 2385 1401 2416 9.
1421 2402 1464 2407 —
1486 2385 1577 2417 elam

878 2433 981 2462 nocte
989 2430 1020 2469 *]
1033 2430 1107 2462 eine
1121 2428 1269 2471 haufige,
1281 2429 1578 2472 sprichworlliche

880 2475 1119 2517 Verbindung;
1146 2475 1216 2517 vgl.
1237 2475 1267 2515 2,
1288 2476 1318 2515 3,
1339 2477 1375 2513 7;
1403 2477 1453 2515 10,
1473 2477 1528 2517 27,
1546 2480 1576 2511 4.

927 2523 958 2555 9.
985 2522 1154 2560 hostium]
1191 2521 1294 2554 niiml.
1321 2520 1578 2556 Romanorum.

879 2586 923 2591 —
948 2570 1197 2609 momentoque
1223 2591 1230 2600 .
1246 2568 1266 2606 ,1
1293 2577 1319 2600 s.
1338 2577 1380 2600 zu
1399 2569 1452 2609 21,
1474 2571 1526 2610 14,
1546 2570 1577 2603 3.

1329 2623 1368 2658 3*

1629 211 1647 242 3

1627 500 1646 531 4

1625 732 1645 764 5

1620 789 1640 821 6

1620 1196 1638 1228 S

1621 1369 1641 1401 9
