1779 2828
591 92 719 126 LIBER
743 91 826 127 Vssl.
877 91 972 127 CAP.
1002 95 1055 128 12.
1478 92 1558 133 227

103 109 130 131 a.
152 103 219 132 Chr.
241 111 269 131 n.
290 103 351 131 339.

216 210 335 250 Anno
357 208 506 261 insigni
526 209 691 249 victoria
713 208 761 248 de
783 215 842 249 tot
863 221 910 248 ac
941 215 1019 248 tam
1051 210 1284 261 potentibus
1316 212 1490 264 populis,
1513 211 1561 251 ad

100 268 176 308 hoc
198 267 409 308 consulum
431 266 592 307 alterius
613 266 740 306 nobili
761 273 903 315 morte,
927 266 1090 307 alterius
1121 267 1224 307 sicut
1253 270 1356 308 truci
1378 271 1429 309 ita
1452 270 1559 309 claro

100 327 148 366 ad
168 325 398 365 memoriam
421 324 604 376 imperio,
628 337 858 365 successere
886 324 1072 364 consules
1095 324 1153 364 Ti.
1177 324 1368 366 Aemilius
1390 327 1558 367 Mamer-

99 384 214 424 cinus
237 381 284 429 Q.
306 381 501 422 Publilius
523 382 647 431 Philo,
672 395 803 434 neque
834 382 875 421 in
908 381 1077 422 similem
1107 382 1313 422 materiam
1343 396 1491 432 rerum,
1523 391 1561 424 et

97 441 173 493 ipsi
194 445 261 479 aut
280 451 443 479 suarum
474 452 610 479 rerum
642 446 709 479 aut
738 440 913 492 partium
945 440 985 479 in
1019 452 1062 479 re
1094 440 1254 492 publica
1285 442 1410 494 magis
1440 454 1560 494 quam

95 497 248 551 patriae
264 509 474 537 memores.
507 497 671 538 Latinos
688 496 739 537 ob
762 498 861 537 iram
879 497 962 550 agri
984 497 1116 537 amissi
1133 497 1375 539 rebellantes
1392 500 1433 539 in
1452 512 1558 539 cam-

96 555 157 608 pis
178 554 420 595 Fenectanis
442 555 633 595 fuderunt
656 555 875 607 castrisque
908 562 1119 595 exuerunt.
1162 555 1214 595 ibi
1238 556 1423 605 Publilio,
1447 557 1560 597 cuius

95 613 217 653 ductu
239 612 500 664 auspicioque
523 625 588 653 res
609 619 742 665 gestae
760 619 886 660 erant,
909 612 950 652 in
973 613 1217 653 deditionem
1239 615 1461 667 accipiente
1483 614 1558 654 La-

94 670 201 710 tinos
217 670 403 722 populos,
423 683 594 722 quorum
614 671 667 710 ibi
684 671 872 711 iuventus
890 683 1004 710 caesa
1021 677 1117 719 erat,
1135 671 1325 712 Aemilius
1342 672 1389 711 ad
1407 672 1557 712 Pedum

94 728 292 768 exercitus
313 728 437 767 duxit.
481 728 663 768 Pedanos
686 728 876 769 tuebatur
897 728 1057 776 Tiburs,
1081 729 1368 769 Praenestinus
1390 730 1557 770 Veliter-

94 798 251 837 nusque
272 786 467 838 populus;
501 793 694 826 venerant
724 793 763 826 et
785 785 833 826 ab
856 786 1035 826 Lanuvio
1058 787 1259 838 Antioque
1291 787 1446 827 auxilia.
1488 787 1556 827 ubi

93 855 185 883 cum
206 843 370 896 proeliis
393 842 551 895 quidem
584 844 769 896 superior
791 844 997 884 Romanus
1030 850 1146 892 esset,
1179 845 1225 884 ad
1258 845 1399 885 urben]
1432 846 1557 897 ipsam

93 901 242 941 Pedum
260 907 469 953 castraque
486 902 689 942 sociorum
705 901 960 954 populorum,
984 914 1084 953 quae
1107 901 1198 942 urbi
1221 902 1408 943 adiuncta
1429 910 1555 950 erant,

92 959 248 1010 integer
269 958 382 998 labor
403 964 584 1007 restaret,
608 959 711 998 bello
736 960 886 999 infecto
919 965 1086 1011 repente
1110 960 1256 1000 omisso
1280 961 1434 1008 consul,
1463 961 1555 1012 quia

91 1015 266 1069 collegae
288 1015 494 1056 decretum
516 1017 763 1070 triumphum
781 1017 939 1065 audivit,
962 1017 1047 1069 ipse
1070 1029 1231 1069 quoque
1253 1018 1446 1071 triumphi
1463 1024 1555 1058 ante

88 1073 292 1114 victoriam
316 1074 513 1126 flagitator
533 1074 701 1114 Romam
723 1075 850 1114 rediit.
894 1087 972 1126 qua
995 1075 1209 1127 cupiditate
1236 1076 1399 1116 offensis
1430 1076 1552 1128 patri-

89 1130 164 1172 bus
186 1131 510 1184 negantibusque
542 1132 617 1172 nisi
641 1132 747 1172 Pedo
781 1138 896 1185 capto
919 1138 985 1172 aut
1007 1132 1138 1172 dedito
1167 1132 1427 1185 triumphum,
1459 1133 1555 1173 hinc

89 1189 283 1229 alienatus
299 1188 348 1228 ab
367 1195 510 1229 senatu
521 1190 712 1230 Aemilius
723 1190 921 1230 seditiosis
936 1189 1208 1230 tribunatibus
1225 1191 1395 1231 similem
1412 1191 1554 1230 deinde

89 1247 340 1287 consulatum
358 1247 491 1299 gessit.
523 1260 614 1287 nam
637 1261 783 1300 neque,
801 1247 932 1300 quoad
954 1248 1028 1287 fuit
1050 1248 1205 1297 consul,
1227 1248 1431 1288 criminari
1449 1248 1553 1301 apud

88 1304 284 1357 populum
305 1310 439 1357 patres
461 1305 612 1345 destitit
634 1305 784 1358 collega
805 1305 1117 1357 haudquaquam
1136 1306 1382 1353 adversante,
1407 1306 1497 1358 quia
1515 1312 1551 1346 et

86 1362 170 1414 ipse
193 1361 241 1401 de
262 1361 380 1415 plebe
403 1369 487 1402 erat
509 1384 565 1391 -—
591 1364 797 1403 materiam
819 1369 951 1403 autem
973 1363 1189 1415 praebebat
1207 1364 1444 1404 criminibus
1461 1376 1554 1415 ager

84 1474 234 1509 Manlius
244 1478 314 1509 erst
325 1485 436 1519 gegen
448 1475 509 1509 das
517 1475 612 1510 Ende
622 1476 682 1510 des
691 1476 783 1510 Kon—

86 1521 312 1564 sulatsjahres
338 1521 616 1565 zurfickgekehrt
639 1533 680 1556 zu
699 1523 783 1557 sein.

133 1569 166 1601 4.
193 1578 290 1600 anno
316 1569 468 1610 insigne]
495 1578 521 1602 s.
549 1571 580 1611 4,
607 1571 660 1611 11,
682 1571 712 1603 2.
739 1588 783 1593 —-

86 1612 175 1653 ΤΗ*

134 1661 164 1693 5.
189 1659 240 1699 ἰη]
267 1668 292 1692 s.
308 1669 349 1692 zu
370 1660 424 1700 37,
449 1662 502 1700 14,
523 1661 552 1694 1.
577 1678 622 1683 —
647 1663 714 1692 aut
737 1685 744 1693 .
761 1662 784 1701 .]

86 1704 182 1737 mehr
217 1705 251 1737 in
288 1704 396 1737 ihrem
427 1704 596 1738 Interesse
636 1705 718 1738 oder
750 1706 784 1738 in

85 1750 162 1784 dem
188 1749 248 1783 der
264 1750 474 1792 politischen
498 1750 624 1793 Partei,
650 1750 709 1785 der
731 1751 779 1785 sie

85 1795 316 1840 angehfirtem
348 1795 448 1829 beide
473 1795 551 1830 sind
575 1797 663 1830 nach
689 1797 710 1840 ξ
740 1799 781 1831 14

85 1841 222 1886 Gegner
254 1841 314 1875 der
339 1845 501 1885 strengen
527 1842 779 1877 Aristokraten.

84 1907 130 1913 —-
155 1889 197 1921 ob
230 1889 326 1920 iram
357 1890 442 1930 agri
475 1890 609 1930 amisse]
643 1889 712 1932 vgl.
738 1899 781 1922 zu

84 1935 116 1976 6,
143 1934 198 1977 33,
224 1934 262 1973 6;
295 1933 355 1967 der
380 1933 484 1978 Krieg
518 1934 660 1978 beginnt
694 1935 781 1968 nach

82 1979 200 2014 Livius
232 1989 302 2013 non
336 1990 459 2013 neuem
493 1979 562 2013 und
598 1981 685 2015 wird
711 1985 782 2014 erst

83 2025 190 2059 durch
223 2024 279 2059 die
310 2024 579 2070 Unterwersung
611 2027 670 2060 der
708 2027 779 2061 ein-

83 2071 207 2105 zelnen
233 2070 353 2105 Stadte
386 2071 563 2115 beendigt3
598 2084 625 2107 s.
662 2075 712 2114 13,
748 2075 779 2107 S.

86 2119 138 2151 12.
164 2136 208 2142 —
234 2119 370 2161 campis
394 2118 624 2160 Fenectanis]
650 2119 719 2162 vgl.
747 2121 778 2160 2,

85 2163 140 2205 64,
154 2164 191 2196 3:
210 2164 330 2206 campi
344 2163 583 2203 Crustumini;
603 2166 657 2207 22,
673 2167 725 2205 13,
741 2166 777 2199 6:

85 2219 249 2252 campum
268 2208 466 2249 Stellatem
492 2210 779 2244 wahrscheinlich

84 2254 173 2288 nach
198 2255 310 2288 einem
348 2255 593 2290 unbekannten
613 2256 694 2290 Orte
720 2267 778 2300 ge-

83 2303 200 2334 nannt.
649 2314 657 2321 ·

131 2347 162 2380 6.
195 2349 234 2379 in
269 2347 488 2380 deditionem
513 2349 723 2390 accipiente]
750 2357 777 2381 s.

87 2392 140 2432 13,
159 2393 189 2426 8.
218 2393 277 2432 12;
308 2395 361 2435 15,
379 2394 417 2432 2;
445 2403 486 2426 zu
514 2395 567 2435 33,
595 2394 649 2435 20,
677 2396 707 2427 5.
734 2413 779 2417 —

84 2437 229 2478 Pedum]
253 2448 280 2471 s.
309 2441 340 2480 7,
369 2440 421 2480 12,
446 2440 478 2472 8.

132 2484 162 2515 7.
192 2482 331 2525 Tiburs]
351 2494 377 2517 s.
397 2486 428 2525 9,
449 2485 503 2526 30,
518 2486 554 2517 7:
585 2483 778 2517 Tiburtini.

83 2525 144 2560 Die
161 2527 234 2561 hier
251 2533 447 2571 genannten
470 2529 591 2563 Stadte
617 2529 693 2563 sind
711 2529 776 2569 die,

84 2571 236 2616 welche,
267 2575 334 2607 wie
359 2575 498 2609 Antium
521 2576 542 2619 ξ
563 2579 592 2616 1,
627 2574 777 2618 grossere

857 1475 1434 1519 Selbstfindigkeitbehauptetund
1446 1476 1553 1510 sehon

855 1522 971 1555 frsiher
985 1522 1125 1565 langere
1150 1521 1223 1555 Zeit
1242 1523 1302 1555 mit
1320 1522 1386 1556 den
1404 1521 1552 1556 Romern

856 1567 1036 1611 gekampst
1062 1568 1192 1607 haben;
1219 1578 1245 1601 s.
1265 1570 1295 1609 6,
1323 1569 1491 1607 22—29;
1520 1571 1550 1608 7,

859 1616 1011 1653 11-19;
1033 1614 1118 1647 auch
1131 1615 1219 1656 jetzt
1233 1614 1356 1647 leisten
1376 1615 1436 1656 sie,
1456 1614 1550 1647 wohl

857 1659 917 1692 auf
945 1659 1018 1692 ihre
1051 1659 1137 1693 feste
1169 1659 1259 1703 Lage
1293 1663 1461 1703 gestiitzt,
1495 1670 1550 1694 arn

856 1705 1017 1747 langsten
1037 1704 1266 1739 Widerstand.
1285 1725 1329 1730 —
1348 1705 1550 1747 LanuvioF‘

900 1752 930 1784 8.
950 1751 998 1783 ad
1013 1753 1148 1792 urbem]
1176 1751 1266 1785 ohne
1284 1752 1356 1793 sed,
1383 1753 1449 1785 wie
1468 1752 1551 1786 h‘au-

852 1795 900 1839 fig
923 1796 978 1830 bei
1004 1796 1138 1837 Livius;
1168 1797 1237 1840 vgl.
1255 1800 1307 1839 10,
1329 1799 1366 1837 3;
1383 1799 1414 1840 9,
1432 1800 1487 1840 43,
1509 1801 1545 1832 11

851 1854 883 1876 u.
903 1852 932 1875 a.

900 1889 931 1922 9.
947 1888 1080 1928 infecto
1096 1914 1103 1922 .
1120 1916 1126 1922 .
1144 1890 1286 1930 omisso]
1302 1899 1327 1922 s.
1343 1892 1373 1930 3,
1386 1890 1440 1931 33,
1456 1891 1486 1923 9.
1503 1909 1548 1914 —

852 1936 1056 1977 flagitator]
1083 1935 1152 1978 vgl.
1175 1937 1203 1975 1,
1220 1936 1275 1975 56,
1291 1936 1328 1969 S:
1357 1935 1545 1975 le‘herat01·;

853 1990 917 2014 nur
942 1981 1003 2014 auf
1025 1980 1143 2014 diesen
1162 1980 1294 2024 Begriff
1312 1981 1448 2015 bezieht
1474 1981 1546 2015 sich

851 2037 1002 2069 quoque.

902 2074 953 2106 10.
978 2074 1051 2105 nisi
1076 2072 1169 2105 Pedo
1196 2074 1241 2114 ..]
1268 2083 1294 2106 s.
1321 2074 1352 2114 6,
1373 2074 1426 2114 35,
1448 2075 1475 2107 1.
1502 2092 1547 2097 -

852 2119 948 2159 lzz'nc]
976 2118 1076 2152 weist
1103 2118 1252 2152 seltener
1274 2118 1334 2152 aus
1350 2118 1450 2152 einen
1467 2119 1546 2152 Abl.

852 2164 925 2197 abS.
951 2163 1080 2197 zurfick
1106 2164 1156 2197 als
1175 2164 1269 2205 inde,
1295 2164 1442 2203 deinde;
1469 2174 1496 2198 s.
1514 2166 1546 2205 4,

853 2212 907 2250 34,
931 2212 967 2248 5;
996 2212 1027 2251 5,
1049 2212 1102 2252 39,
1127 2212 1184 2248 10;
1211 2210 1280 2252 vgl.
1307 2209 1455 2253 Draeger
1480 2209 1544 2243 HS.

853 2257 885 2298 2,
908 2257 983 2290 181.
1003 2276 1047 2279 —
1073 2255 1256 2288 seditiosis
1285 2256 1544 2297 tribunatibus]

853 2302 920 2334 wie
954 2301 1012 2334 der
1038 2303 1069 2342 3,
1097 2304 1126 2343 1,
1143 2303 1161 2334 3
1189 2304 1361 2344 genannte
1386 2300 1544 2334 Amilius.

900 2349 951 2381 11.
975 2347 1161 2390 populum]
1188 2347 1243 2379 die
1268 2345 1386 2385 Plebs;
1414 2350 1448 2378 et
1471 2349 1545 2389 ipse

850 2393 895 2425 ist
917 2397 1039 2436 gesagt
1058 2392 1154 2425 mehr
1171 2392 1205 2425 in
1225 2391 1341 2434 Bezug
1366 2392 1427 2425 auf
1449 2391 1544 2426 diese

851 2438 910 2471 der
947 2437 1051 2471 Plebs
1092 2437 1305 2471 freundliche
1343 2437 1545 2481 Gesinnung

850 2484 911 2516 des
937 2483 1167 2526 patrizischen
1193 2482 1356 2525 Konsuls,
1386 2484 1436 2517 als
1463 2484 1543 2518 weil

850 2528 1021 2562 Publilius
1040 2539 1108 2561 von
1128 2528 1255 2562 Geburt
1275 2528 1434 2572 Plebejer
1452 2540 1540 2569 war;

849 2585 875 2608 s.
906 2577 935 2617 1,
961 2575 1016 2616 30,
1043 2576 1072 2608 6.

1195 2631 1263 2665 15*

1591 219 1610 251 4

1591 392 1610 424 5

1589 563 1608 595 6

1590 738 1608 770 7

1587 795 1605 827 S

1586 968 1605 1001 9

1585 1082 1621 1116 10

1587 1255 1622 1288 11

1586 1371 1623 1403 12
