1779 2828
181 122 208 146 a.
229 116 298 146 Chr.
318 125 348 146 n.
369 118 429 145 293.
708 106 835 140 LIBER
860 106 900 141 X.
937 106 1031 141 CAP.
1057 109 1111 142 46.
1553 106 1635 159 213

179 223 261 273 liis;
284 235 456 275 quorum
475 229 582 263 tanta
598 223 810 264 multitudo
828 224 914 271 fuit,
937 230 1079 263 utnon
1097 223 1289 276 templum
1311 231 1467 265 tantum
1484 226 1637 265 forum-

181 293 258 333 que
275 281 322 321 iis
339 286 563 329 ornaretur,
580 280 649 320 sed
665 281 782 321 sociis
794 281 910 321 etiam
929 280 1175 332 coloniisque
1194 282 1385 322 finitumis
1402 283 1448 323 ad
1466 284 1636 336 templo-

179 350 268 378 rum
285 338 546 390 locorumque
564 338 815 390 publicorum
835 344 1021 378 ornatum
1042 339 1326 378 dividerentur.
1367 340 1413 379 ab
1434 341 1636 394 triumpho

180 396 396 436 exercitum
419 396 459 435 in
488 408 626 447 agrum
649 395 877 445 Vescinum,
911 396 1001 448 quia
1023 396 1134 447 regio
1164 408 1207 435 ea
1237 396 1381 436 infesta
1408 397 1456 437 ab
1480 398 1637 438 Samni-

178 453 284 494 tibus
305 459 400 501 erat,
422 452 676 492 hibernatum
698 453 820 492 duxit.

294 510 404 550 Inter
425 511 522 549 haec
545 509 734 551 Carvilius
756 510 897 551 consul
921 510 961 550 in
985 510 1144 550 Etruria
1167 510 1344 551 Troilum
1368 513 1543 564 primum
1566 527 1636 567 op-

176 580 358 620 pugnare
389 567 551 608 adortus
573 567 888 619 quadringentos
919 569 1171 620 septuaginta
1199 568 1432 618 ditissimos,
1465 573 1634 622 pecunia

176 625 316 677 grandi
347 630 505 678 pactos,
540 631 582 665 ut
612 624 722 665 abire
752 626 844 666 inde
867 626 1025 673 liceret,
1059 626 1225 673 dimisit,
1259 634 1430 667 ceteram
1456 629 1636 669 multitu-

177 683 312 723 dinem
333 682 606 735 oppidumque
638 683 767 736 ipsum
799 684 834 723 vi
858 684 974 736 cepit.
1026 683 1118 723 inde
1152 684 1330 736 quinque
1357 686 1515 726 castella
1537 687 1635 727 locis

176 741 250 781 sita
281 741 446 781 munitis
468 741 718 793 expugnavit.
781 753 893 781 caesa
923 741 977 780 ibi
1008 741 1183 781 hostium
1215 742 1293 782 duo
1316 743 1422 782 milia
1445 744 1634 796 quadrin-

177 798 300 851 genti,
322 798 455 839 minus
471 799 549 838 duo
566 799 671 838 milia
689 806 814 851 capta.
847 806 885 838 et
902 799 1063 839 Faliscis
1080 811 1217 851 pacem
1235 801 1466 852 petentibus
1482 814 1636 842 annuas

176 855 350 896 indutias
380 855 506 904 dedit,
538 862 677 908 pactus
703 863 864 896 centum
896 856 1000 896 milia
1031 857 1160 908 gravis
1190 858 1292 897 aeris
1324 864 1362 898 et
1391 859 1632 911 stipendium

177 914 262 953 eius
283 914 380 953 anni
403 913 608 954 militibus.
659 914 720 954 his
749 914 870 954 rebus
893 914 989 954 actis
1018 915 1066 954 atl
1096 915 1343 967 triumphum
1372 916 1557 966 decessit,
1592 925 1633 957 ut

176 971 310 1011 minus
327 971 478 1011 clarum
495 971 542 1011 de
559 971 815 1020 Samnitibus,
838 985 954 1024 quam
978 972 1151 1024 collegae
1168 973 1394 1025 triumphus
1415 975 1558 1023 fuerat,
1581 975 1633 1014 ita

176 1028 338 1069 cumulo
360 1028 519 1068 Etrusci
549 1029 640 1068 belli
669 1036 893 1081 aequatum.
951 1030 1052 1069 aeris
1081 1031 1210 1080 gravis
1240 1032 1330 1071 tulit
1365 1032 1406 1071 in
1437 1033 1632 1072 aerarium

175 1092 356 1126 trecenta
377 1086 580 1139 octoginta
602 1087 728 1134 milia;
752 1087 906 1139 reliquo
930 1100 1020 1127 aere
1048 1087 1183 1127 aedem
1209 1088 1337 1129 Fortis
1360 1089 1563 1130 Fortunae
1585 1090 1633 1130 de

174 1143 376 1183 manubiis
393 1144 614 1184 faciendam
632 1145 774 1184 locavit
797 1158 922 1198 prope
941 1145 1077 1184 aedem
1096 1145 1180 1185 eius
1197 1146 1293 1186 deae
1316 1146 1364 1186 ab
1382 1159 1476 1200 rege
1495 1147 1632 1188 Servio

176 1201 305 1242 Tullio
338 1201 578 1249 dedicatam,
611 1209 649 1242 et
680 1202 871 1243 militibus
903 1215 950 1242 ex
982 1203 1127 1255 praeda
1153 1210 1347 1244 centenos
1378 1204 1496 1245 binos
1526 1217 1632 1246 asses

223 1327 254 1360 8.
279 1324 403 1366 forum
428 1351 436 1360 .
455 1327 477 1367 .]
504 1326 570 1359 wie
596 1328 627 1367 9,
653 1328 714 1368 40,
743 1328 796 1363 16.
822 1345 865 1351 -

175 1372 397 1415 coloniisque
421 1371 639 1413 finitumis]*

221 1420 252 1453 9.
271 1419 327 1460 ab]
346 1418 501 1461 sogleich
520 1418 624 1457 nach;
645 1429 671 1452 s.
688 1420 743 1460 22,
761 1420 814 1459 40,
833 1421 865 1452 4.

173 1483 219 1489 ——
246 1463 481 1505 VescinumJ*
510 1483 548 1489 —
581 1464 715 1504 infesta
749 1466 805 1506 ab]
839 1475 865 1499 s.

174 1511 205 1552 6,
225 1511 258 1552 5,
276 1512 307 1545 3.

225 1559 276 1591 10.
304 1555 508 1596 Troilum*]
535 1555 752 1594 unbekannt;
782 1556 867 1590 viel-

172 1601 280 1636 leicht
311 1601 357 1635 ist
386 1611 422 1635 es
454 1601 509 1634 die
541 1606 638 1635 sonst
664 1601 866 1636 Trossulum

173 1650 347 1692 genannte
373 1647 488 1686 Stadt;
515 1657 542 1681 s.
567 1647 694 1681 Dennis
726 1649 804 1683 347.
821 1668 867 1672 ——

170 1695 326 1738 pecunia
353 1718 383 1727 ..
406 1695 545 1736 pactos]
572 1693 626 1727 fur
651 1694 726 1727 eine
752 1694 866 1737 grosse

172 1739 394 1774 Geldsumme
420 1739 494 1773 sich
519 1739 782 1783 aushedungen,
815 1750 866 1774 er-

171 1786 271 1820 kauft
295 1785 434 1824 hatten3
461 1796 487 1819 s.
513 1796 554 1819 zu
582 1786 635 1822 37.
655 1787 685 1819 5.
714 1805 754 1811 —
776 1797 865 1829 pac-

174 1836 238 1875 tos,
262 1834 316 1873 ut]
342 1842 369 1866 s.
395 1842 438 1865 zu
465 1833 519 1874 25,
545 1832 599 1873 33,
626 1833 658 1866 3.

222 1880 276 1913 11.
301 1878 448 1921 capta]*

221 1926 273 1959 12.
310 1928 451 1957 centum
480 1923 596 1966 milia]
637 1923 691 1957 die
726 1924 864 1958 reichen

173 1969 293 2004 Stiidte
325 1970 447 2004 zahlen
471 1969 585 2010 mehr3
620 1979 647 2004 S.
674 1972 736 2013 37,
764 1973 794 2005 5.
820 1990 864 1995 -—

171 2017 346 2057 indutias]
373 2026 399 2050 s.
426 2018 458 2057 5,
485 2017 537 2050 12.

221 2063 273 2096 13.
310 2063 545 2106 triumphum]
583 2062 652 2096 und
684 2073 775 2096 zwar
806 2074 865 2098 an.

175 2117 284 2143 CDLX.
300 2109 342 2141 de
351 2108 574 2142 Samnitibus
588 2109 671 2142 idib.
687 2109 776 2151 Ian„
791 2109 865 2143 also

172 2165 234 2188 vor
258 2153 336 2188 dem
362 2155 382 2198 ξ
402 2156 422 2188 2
447 2155 648 2188 erwahnten
666 2154 863 2199 Triumphe.

220 2202 273 2235 14.
300 2201 440 2243 reliquo
466 2202 560 2242 aere]
579 2201 780 2234 bezeichnet
804 2201 864 2234 das

172 2245 299 2287 Ganze,
324 2246 367 2279 de
382 2248 562 2279 manubiis
578 2247 647 2280 und
666 2259 712 2280 eat
726 2247 863 2290 praeda

171 2291 226 2325 die
251 2290 368 2333 Teile,
400 2291 455 2325 die
481 2292 603 2326 beiden
636 2292 802 2326 letzteren
828 2294 862 2327 in

170 2337 435 2372 verschiedener
453 2337 570 2377 Form;
594 2338 663 2381 vgl.
683 2349 724 2372 zu
743 2340 797 2379 28,
824 2341 858 2373 9:

172 2385 211 2417 in
229 2383 316 2418 loco.
346 2383 407 2417 Die
421 2382 604 2417 Prfidikate
622 2384 698 2417 sind
715 2388 800 2418 statt
818 2395 860 2417 an

170 2430 311 2472 reliquo
329 2440 412 2463 aere
435 2429 540 2462 nabet·
558 2440 600 2463 an
619 2429 660 2462 de
681 2431 861 2463 manubiis

172 2475 240 2509 und
267 2487 313 2509 σεε
333 2475 473 2519 praeda
499 2475 786 2518 angeschffissen,
816 2493 861 2505 =

172 2520 227 2554 ssu·
251 2521 312 2555 das
337 2521 456 2564 iibrige
475 2521 570 2562 Geld,
596 2521 665 2554 und
690 2531 782 2554 zwar
808 2521 862 2555 fur

173 2566 228 2601 die
245 2567 436 2600 manubiae
453 2567 519 2610 gab
538 2577 573 2600 er
589 2566 624 2601 in
641 2565 790 2610 Verding
808 2593 815 2603 .
835 2592 861 2609 .,

938 1336 1003 1360 von
1031 1326 1106 1360 dem
1134 1337 1195 1360 ans
1222 1327 1280 1361 der
1298 1328 1406 1362 Beute
1430 1339 1535 1370 usw.;
1562 1331 1632 1373 vgl.

935 1382 978 1406 zu
997 1374 1050 1412 26,
1078 1375 1132 1415 33,
1158 1375 1189 1407 8.
1215 1393 1258 1398 —
1281 1375 1406 1407 Fortz's
1430 1376 1630 1417 Fortunae]

935 1418 1005 1461 vgl.
1024 1418 1155 1452 Nonius
1183 1418 1217 1453 S.
1237 1421 1319 1453 425:
1346 1421 1440 1454 Fors
1459 1425 1511 1455 est
1528 1433 1632 1455 casus

937 1465 1155 1507 temporalis,
1183 1466 1350 1499 Fortuna
1376 1467 1441 1499 dea
1465 1471 1518 1500 est
1540 1471 1631 1512 ipsa,

937 1510 968 1542 d.
988 1510 1020 1543 h.
1047 1510 1106 1544 der
1131 1511 1308 1546 abstrakte
1327 1512 1460 1555 Begriff
1481 1514 1550 1547 und
1576 1514 1630 1548 die

939 1555 1250 1599 Personifizierung
1269 1558 1328 1591 des
1346 1558 1476 1592 Zufalls
1498 1559 1628 1603 (τύχηη

940 1602 1068 1636 ebenso
1102 1602 1166 1636 adv
1171 1603 1291 1637 erbiell
1327 1603 1426 1644 forte
1465 1604 1630 1645 fortuna.

937 1647 1003 1681 Der
1017 1647 1159 1692 Tempel
1179 1650 1418 1692 standjenseit
1436 1651 1496 1685 des
1510 1651 1630 1691 Tiber;

938 1693 1003 1727 den
1030 1694 1090 1728 des
1117 1694 1258 1728 Servius
1284 1698 1341 1729 hat
1362 1696 1432 1730 Liv.
1460 1697 1554 1732 nicht
1580 1709 1630 1732 er-

938 1740 1074 1779 wahan
1093 1751 1119 1775 s.
1139 1740 1213 1774 ClL.
1232 1741 1292 1775 IS.
1309 1744 1386 1778 395.
1426 1743 1502 1777 Vlie
1517 1745 1630 1788 wenig

937 1795 973 1819 es
991 1786 1061 1820 Liv.
1087 1797 1144 1820 um
1164 1786 1457 1831 Vollstandigkeit
1480 1800 1524 1823 zu
1546 1790 1627 1824 thun

936 1841 1018 1873 war
1036 1833 1126 1876 zeigt
1145 1832 1232 1867 Plin.
1251 1835 1306 1874 34,
1325 1814 1387 1868 43⁰:
1411 1835 1501 1875 fecit
1517 1836 1627 1880 etsp.

938 1877 1119 1911 Carvilius
1136 1880 1265 1921 lovem,
1284 1882 1347 1922 qui
1365 1884 1415 1913 est
1432 1883 1469 1914 in
1486 1881 1628 1925 Capeto-

936 1924 996 1966 li‚0
1022 1927 1127 1957 victis
1144 1926 1369 1959 Samnztz'bus
1389 1931 1533 1961 sacrata
1553 1928 1629 1972 Iege

931 1973 1191 2013 pugnantibus,
1221 1983 1238 2004 e
1257 1974 1505 2014 pectoralibus
1529 1976 1615 2015 (s.9

937 2019 997 2058 40,
1029 2018 1062 2059 3)
1089 2028 1211 2050 eorum
1238 2020 1422 2062 ocreisque
1447 2022 1481 2052 et
1500 2021 1627 2063 galeis.

935 2064 1137 2105 amplitudo
1163 2067 1264 2097 tanta
1283 2073 1341 2105 est,
1368 2069 1408 2098 ut
1430 2068 1628 2109 conspi'cza-

937 2112 997 2142 ἰω-
1022 2121 1042 2142 α
1068 2109 1215 2143 Latiari
1239 2111 1331 2145 Jove.
1364 2131 1412 2148 —,
1433 2113 1627 2153 manubiis]

935 2164 962 2188 s.
988 2166 1030 2189 zu
1060 2158 1088 2195 1,
1115 2159 1170 2197 55,
1198 2159 1232 2195 ῖς
1268 2156 1328 2190 das
1354 2167 1415 2191 aus
1442 2157 1518 2191 dem
1545 2157 1628 2191 Ver-

934 2200 1037 2235 kaufe
1048 2201 1106 2235 der
1121 2202 1228 2236 Beute
1244 2203 1377 2245 geloste
1392 2203 1488 2244 Geld,
1503 2203 1627 2238 dessen

935 2246 1179 2291 Verwendung
1197 2248 1250 2281 fiir
1267 2248 1464 2283 offentliche
1479 2249 1627 2282 Zwecke

933 2291 997 2326 den
1017 2292 1221 2327 Feldherren
1240 2294 1419 2332 freistand;
1447 2305 1473 2328 s.
1489 2297 1519 2335 6,
1538 2297 1570 2337 4,
1589 2297 1625 2333 2;

933 2339 1001 2381 vgl.
1017 2340 1070 2380 23,
1089 2342 1141 2381 11,
1159 2341 1197 2378 3;
1219 2341 1272 2381 33,
1288 2341 1341 2381 27,
1357 2342 1392 2378 4;
1413 2341 1479 2374 Cic.
1499 2341 1540 2374 de
1558 2341 1624 2384 leg.

932 2394 1001 2427 agr.
1021 2387 1052 2427 2,
1079 2387 1139 2420 61:
1165 2387 1195 2417 .ςί
1213 2389 1265 2418 est
1283 2396 1436 2428 aequum
1451 2387 1625 2429 praedam

932 2441 974 2462 ac
991 2433 1180 2463 manubias
1195 2442 1279 2464 suas
1301 2432 1536 2474 imper-atores
1553 2443 1626 2466 non

933 2477 970 2508 in
999 2480 1228 2510 monumenta
1263 2477 1411 2510 deorum
1442 2480 1626 2512 immorta-

933 2521 1021 2554 lium
1058 2533 1171 2565 neque
1203 2524 1241 2555 z'n
1274 2525 1375 2556 urbis
1413 2528 1624 2558 ornamenta

933 2566 1110 2606 conferre.

1667 349 1686 381 9

1670 524 1706 555 to

1669 638 1704 670 11

1668 812 1704 843 12

1668 926 1703 959 13

1665 1042 1702 1075 14

1665 1215 1701 1247 15
