1731 2796
125 83 178 122 38
524 120 528 123 ,
624 82 750 116 LIBER
775 81 868 117 vlnl.
906 82 1000 117 CAP.
1030 85 1080 117 17.

1376 99 1403 121 a.
1424 100 1453 122 u.
1476 100 1502 121 c.
1517 93 1577 121 435.

127 199 270 253 quibus
301 212 417 252 saepe
449 199 577 238 tacitis
608 198 917 250 cogitationibus
938 198 1104 237 volutavi
1127 198 1324 246 animum,
1357 210 1422 238 eas
1443 204 1579 238 evocat

128 259 166 297 in
191 258 384 303 medium,
418 263 459 296 ut
481 268 672 308 quaerere
694 255 832 303 libeat,
866 256 1027 308 quinam
1050 261 1214 295 eventus
1236 256 1425 296 Romanis
1445 255 1577 302 rebus,

124 316 153 355 si
187 327 276 354 cum
299 314 521 354 Alexandro
553 314 655 353 foret
687 313 894 361 bellatum,
927 314 1086 353 futurus
1118 313 1248 353 fuerit.
1299 313 1514 365 plurimum
1537 313 1577 353 in

125 372 228 412 bello
251 372 401 424 pollere
423 371 608 410 videntur
628 371 796 410 militum
819 371 932 423 copia
957 377 995 409 et
1018 371 1159 417 virtus,
1182 370 1342 422 ingenia
1364 371 1578 423 imperato-

125 442 234 477 rum,
266 430 426 468 fortuna
449 440 521 480 per
543 429 673 468 omnia
698 429 890 475 hnmana,
924 428 1089 467 maxime
1121 428 1160 466 in
1189 440 1233 467 re
1254 427 1393 468 bellica
1414 434 1578 480 potens:

124 500 168 526 ea
191 493 228 525 et
249 486 403 537 singula
426 486 596 525 intuenti
621 492 657 524 et
681 485 876 533 universa,
899 486 999 525 sicut
1019 485 1067 524 ab
1085 485 1168 525 aliis
1190 485 1352 537 regibus
1374 485 1579 537 gentibus-

125 557 222 596 que,
256 544 305 582 ita
329 543 375 582 ab
399 543 474 582 hoc
498 555 657 594 quoque
690 543 800 582 facile
822 549 1025 595 praestant
1047 542 1235 581 invictum
1260 543 1483 582 Romanum
1504 543 1578 582 im-

123 602 290 654 perium.
343 601 418 639 iam
451 601 645 651 primum,
679 606 721 638 ut
744 599 875 639 ordiar
897 599 945 638 ab
967 599 1135 639 ducibus
1156 600 1444 652 conparandis,
1475 599 1577 639 haud

125 659 306 709 equidem
331 657 464 696 abnuo
487 657 689 707 egregium
713 657 853 696 ducem
887 657 1007 696 fuisse
1028 656 1318 705 Alexandrum
1347 657 1415 697 sed
1438 657 1578 697 clario-

125 728 208 754 rem
232 722 362 754 tamen
387 726 477 753 eum
500 714 611 761 facit,
635 715 740 765 quod
763 727 867 754 unus
889 715 981 759 suit,
1004 714 1109 765 quod
1131 713 1364 754 adulescens
1384 714 1423 754 in
1447 715 1579 754 incre-

82 780 93 810 Τ»
123 779 257 812 mento
282 783 435 817 rerum,
470 771 648 810 nondum
672 771 832 810 alteram
858 772 1057 810 fortunam
1081 777 1290 823 expertus,
1316 771 1495 812 decessit.
1537 777 1579 811 ut

124 830 221 869 alios
243 841 355 880 reges
378 829 503 868 claros
526 828 726 880 ducesque
749 829 940 874 omittam,
962 840 1103 880 magna
1121 828 1299 881 exempla
1321 840 1483 868 casuum
1503 829 1579 868 hu-

124 899 347 932 manorum,
372 886 530 938 Cyrum,
555 898 670 937 quem
694 886 861 925 maxime
879 885 1019 925 Graeci
1041 885 1224 926 laudibus
1246 885 1463 932 celebrant,
1485 886 1579 937 quid

123 944 198 983 nisi
232 944 347 995 longa
371 944 466 989 vita,
498 944 600 983 sicut
620 943 808 994 Magnum
843 943 960 982 modo
988 943 1241 995 Pompeium,
1272 943 1443 983 vertenti
1464 955 1579 995 prae-

80 1023 86 1039 t
120 1001 206 1040 buit
229 999 441 1040 fortunae?
484 1013 711 1040 recenseam
741 1002 862 1040 duces
884 1000 1106 1047 Romanos,
1140 1012 1216 1039 nec
1238 1012 1379 1040 omnes
1401 1000 1579 1040 omnium

123 1059 329 1103 aetatium,
361 1059 427 1098 sed
450 1059 557 1109 ipsos
580 1070 668 1103 eos,
701 1070 790 1097 cum
813 1058 956 1109 quibus
978 1056 1212 1098 consulibus
1232 1064 1300 1098 aut
1320 1057 1580 1097 dictatoribus

122 1116 346 1155 Alexandro
370 1116 441 1154 suit
464 1115 705 1154 bellandum.
729 1115 779 1155 M.
798 1115 992 1154 Valerium
1017 1115 1199 1161 Corvum,
1222 1115 1262 1155 C.
1285 1115 1474 1155 Marcium
1496 1115 1579 1154 Ru-

122 1173 255 1216 tilum,
280 1172 319 1211 C.
345 1172 582 1224 Sulpicium.
607 1172 650 1210 T.
674 1172 861 1211 Manlium
886 1172 1152 1224 Torquatum,
1182 1172 1228 1219 Q.
1253 1172 1463 1212 Publilium
1487 1173 1578 1212 Phi-

123 1230 278 1275 lonem,
302 1229 344 1268 L.
370 1230 567 1281 Papirium
592 1229 825 1275 Cursorem,
859 1230 905 1275 Q.
930 1229 1091 1269 Fabium
1115 1230 1348 1278 Maximum,
1381 1229 1482 1269 duos
1506 1229 1579 1269 De-

75 1316 86 1324 .
124 1287 230 1333 cios,
263 1287 305 1326 L.
330 1286 605 1331 Volumnium,
639 1287 701 1326 Μ’.
727 1285 917 1326 Curium?
961 1287 1150 1340 deinceps
1181 1287 1366 1339 ingentes
1387 1293 1580 1327 secuntur

934 1400 964 1432 5.
983 1400 1056 1431 iam
1070 1400 1240 1441 primum]
1251 1409 1276 1432 s.
1291 1400 1319 1439 1,
1333 1401 1363 1440 1,
1376 1398 1405 1432 1.
1423 1417 1468 1422 ——
1482 1399 1580 1442 qnod

169 1401 199 1432 2.
215 1400 343 1442 quibus
358 1425 365 1433 .
376 1423 383 1431 .
405 1400 474 1439 eas]
492 1403 533 1431 st.
549 1400 708 1440 (mentio)
727 1401 815 1431 laci-

887 1446 992 1485 mms]
1013 1445 1093 1478 weil
1111 1454 1146 1478 er
1164 1444 1250 1477 alles
1265 1444 1367 1478 allein
1386 1443 1576 1486 aussfihrte‚

121 1448 177 1477 tas
195 1446 434 1487 cogitationes
455 1448 589 1486 evocat,
616 1446 745 1487 quibus
763 1470 770 1478 .
786 1459 813 1484 .;

120 1490 180 1524 das
200 1490 460 1523 Substantivum
486 1491 529 1523 ist
550 1490 582 1522 in
608 1491 672 1523 den
691 1500 814 1523 voran-

120 1536 308 1569 stehenden
326 1535 536 1569 Relativsatz
559 1546 724 1579 gezogen‚
746 1536 811 1570 wie

121 1583 174 1623 22,
197 1585 248 1622 14,
268 1583 302 1618 6;
330 1582 398 1624 vgl.
425 1593 465 1614 zu
487 1584 516 1621 1,
538 1584 565 1622 1,
588 1583 618 1615 3.
644 1601 689 1606 -—
713 1582 811 1615 volu-

121 1630 195 1660 tavi
220 1653 227 1661 .
248 1629 297 1668 .*]
329 1627 388 1660 der
413 1627 593 1661 Ausdruck
628 1628 671 1661 ist
703 1638 810 1670 unge·

119 1674 313 1711 wolinlich2
352 1674 440 1706 deon
479 1677 575 1706 sonst
613 1674 715 1706 lieisst
753 1684 808 1707 es:

118 1730 193 1752 rem
219 1722 339 1751 animo
369 1719 464 1759 (oder
490 1721 528 1751 in
554 1721 688 1761 animo)
714 1720 811 1752 volu-

119 1768 213 1803 tare;
240 1774 266 1797 s.
294 1775 332 1798 zu
359 1766 414 1805 42,
435 1767 486 1805 11,
507 1768 537 1798 5.

166 1812 196 1845 3.
223 1813 372 1853 ingenia
398 1812 668 1853 imperatorum]
695 1821 720 1844 s.
741 1810 808 1844 Cic.

120 1855 161 1888 de
187 1858 266 1899 imp.
295 1855 412 1899 Pomp.
441 1857 493 1890 28.
520 1876 564 1880 -—
587 1855 738 1895 fortuna
760 1881 768 1889 .
786 1858 808 1897 .]

118 1902 188 1943 vgl.
205 1901 299 1935 Caes.
312 1902 377 1935 BG.
394 1903 425 1941 6,
441 1904 495 1941 30,
512 1903 547 1935 2;
563 1902 716 1934 multum
729 1912 808 1934 eum

120 1948 159 1978 in
184 1949 347 1979 omnibus
371 1949 476 1979 rebus
502 1951 576 1979 tum
602 1949 640 1979 in
658 1959 697 1979 re
714 1948 807 1979 mili-

120 1994 194 2024 tari
213 1996 331 2034 polest
355 1992 525 2031 Γονίυηας
553 1992 617 2025 BC.
640 1994 671 2033 3,
693 1993 746 2027 63,
770 1995 805 2032 1;

120 2038 187 2071 Cic.
215 2038 255 2070 de
281 2037 338 2070 off.
365 2039 403 2078 2,
432 2040 471 2071 19
497 2049 528 2070 u.
551 2048 580 2071 a.
615 2057 657 2061 —
681 2040 805 2080 ρον-Η]

113 2094 183 2126 per
193 2083 393 2116 bezeichnet
408 2083 462 2115 die
480 2083 706 2125 Verbreitung
722 2083 807 2116 siber

120 2134 230 2162 etwas
256 2129 331 2166 him
363 2144 406 2156 =
440 2131 478 2160 in
511 2130 673 2161 omnibns
702 2130 807 2161 rebus

118 2176 296 2207 humanis.
309 2194 349 2198 —
361 2186 400 2206 re
414 2175 574 2215 bellica*]
586 2174 653 2217 vgl.
666 2176 696 2213 4,
709 2176 747 2207 41
756 2201 763 2215 ,
775 2176 805 2208 2.

119 2239 162 2245 --
184 2222 321 2262 potens]
341 2221 408 2262 vgl.
430 2222 482 2260 28,
497 2222 552 2262 42,
567 2223 605 2259 9;
633 2222 688 2259 42,
706 2222 759 2254 30.
775 2222 805 2254 3.

165 2268 196 2299 4.
228 2268 386 2298 intuenti
409 2291 416 2299 .
439 2293 446 2298 .
470 2268 671 2309 praestant]
707 2276 807 2299 wenn

119 2321 196 2344 man
217 2337 242 2345 ..
263 2311 465 2354 betrachtet,
484 2312 594 2355 geben
609 2312 658 2345 sie
673 2311 727 2344 die
743 2311 807 2345 Ge·

119 2357 225 2392 wahr.
248 2357 302 2391 die
317 2357 567 2400 Uberzeugung
581 2368 648 2390 von
668 2357 727 2390 der
739 2357 807 2390 Un-

119 2402 462 2441 fiberwindlichkeit;
496 2413 572 2436 zum
604 2402 704 2436 Dativ
736 2403 805 2446 vgl.

120 2448 173 2488 19,
189 2450 225 2485 S:
246 2451 278 2489 ἵ,
297 2451 346 2489 10,
361 2450 398 2482 6:
418 2451 470 2489 10,
486 2450 583 2489 30,4.
603 2450 806 2491 —regibzcs

114 2495 363 2536 gentibusque]
390 2494 421 2527 d.
437 2495 468 2527 h.
491 2505 558 2527 von
574 2494 729 2537 Kiinigen
749 2495 806 2528 be-

119 2539 293 2572 herrschte
319 2539 388 2572 und
415 2539 496 2573 freie
523 2539 704 2573 Nationen.

885 1491 918 1523 in
934 1490 1020 1524 Rom
1038 1490 1193 1533 dagegen
1206 1490 1360 1524 melu-ere
1378 1500 1576 1524 zusammen

883 1536 965 1569 oder
1007 1535 1259 1569 nacheinander
1293 1546 1335 1569 an
1366 1535 1426 1568 der
1458 1534 1575 1578 Spitze

882 1581 1037 1615 standen.
1053 1601 1095 1606 ——-
1110 1583 1150 1614 in
1164 1583 1397 1623 incremento]
1411 1579 1469 1614 'im
1482 1581 1577 1615 Wer-

881 1624 955 1661 den’
970 1642 976 1667 ;
994 1628 1064 1671 vgl.
1085 1629 1139 1668 29,
1153 1629 1208 1668 26,
1223 1629 1254 1661 5.
1272 1646 1317 1652 —-
1334 1627 1498 1668 alteram]
1516 1627 1576 1661 das

882 1673 1023 1714 andere,
1050 1676 1377 1717 entgegengesetzte
1401 1675 1443 1715 (s,
1461 1683 1503 1706 zu
1521 1674 1576 1713 21,

881 1721 913 1761 9,
929 1721 981 1760 4),
1000 1718 1031 1752 d.
1052 1719 1083 1752 h.
1101 1719 1166 1753 den
1184 1719 1341 1752 Wechsel
1357 1719 1419 1753 des
1436 1718 1575 1753 Glficks.

928 1767 958 1799 6.
974 1766 1138 1806 eaeempla
1153 1767 1314 1806 casuum]
1330 1775 1356 1799 s.
1372 1766 1428 1806 45,
1441 1766 1496 1803 41,
1513 1767 1573 1803 10;

880 1810 971 1844 Curt.
999 1813 1038 1852 5,
1065 1813 1103 1852 5,
1131 1814 1168 1846 5:
1199 1810 1373 1851 fortunae
1401 1811 1575 1854 exempla.

879 1876 923 1880 —
943 1857 1076 1900 Cyrum
1091 1881 1099 1890 .
1114 1883 1122 1892 .
1135 1856 1435 1899 praebuit]=hat
1449 1883 1456 1891 .
1474 1883 1482 1891 .
1503 1856 1576 1890 hin-

879 1902 1181 1945 (preis-)gegeben,
1200 1902 1446 1945 blossgestellt;
1465 1912 1492 1936 s.
1510 1901 1575 1934 He·

878 1947 949 1981 rod.
980 1950 1009 1988 1,
1028 1950 1112 1985 214;
1146 1947 1241 1981 Diod.
1269 1949 1299 1987 2,
1318 1949 1377 1986 44;
1412 1947 1518 1980 lustin
1543 1949 1572 1988 1,

879 1994 915 2031 8;
942 1993 1011 2035 vgl.
1030 1993 1183 2035 dagegen
1209 1992 1294 2026 Xen.
1313 1993 1390 2037 Cyr.
1415 1994 1446 2034 8,
1471 1995 1502 2026 7.
1527 2011 1572 2017 —

876 2041 1045 2080 vertenti}
1072 2049 1098 2071 s.
1126 2049 1168 2071 zu
1190 2040 1221 2080 2,
1236 2039 1268 2079 3,
1286 2040 1324 2076 3;
1351 2038 1421 2080 vgl.
1439 2040 1494 2080 40,
1517 2039 1570 2072 21.

877 2103 921 2108 -—
947 2083 1138 2125 celebrant]
1170 2083 1429 2126 hauptsachlich
1459 2083 1572 2118 Xeno-

876 2128 981 2171 phon.
1319 2141 1321 2143 ·

924 2177 952 2207 ἵ.
979 2185 1180 2207 recenseam
1195 2199 1202 2207 .
1218 2173 1242 2218 .]
1271 2174 1302 2208 d.
1318 2174 1350 2208 h.
1378 2174 1445 2208 alle
1470 2174 1565 2209 die'se

878 2219 1083 2253 Feldherren
1115 2219 1258 2253 wurden
1290 2219 1390 2263 jeder
1414 2219 1469 2254 fur
1492 2221 1564 2254 sich

878 2266 984 2299 sehon
999 2265 1070 2308 (s.§
1082 2268 1135 2306 10)
1154 2265 1348 2299 Alexander
1356 2266 1451 2312 niclit
1465 2266 1568 2299 nach-

878 2311 1011 2344 steben.
1034 2330 1078 2334 —
1098 2309 1174 2350 fuit
1187 2311 1402 2354 bellandum]
1415 2311 1523 2345 ‘hatte
1538 2336 1546 2345 .
1559 2337 1567 2347 .

877 2353 1038 2390 mussen'.

924 2404 954 2436 8.
973 2401 1170 2443 RutilumJ*
1185 2422 1227 2426 —
1242 2402 1458 2446 Sulpicium]
1473 2411 1500 2436 s,
1512 2404 1567 2445 24,

881 2450 913 2487 1;
940 2448 1000 2481 der
1018 2450 1049 2489 7,
1063 2449 1083 2482 9
1106 2451 1276 2491 genannte
1290 2448 1382 2481 kann
1402 2448 1497 2482 nicht
1508 2458 1568 2491 ge-

877 2495 982 2526 meint
1006 2495 1090 2527 sein.
1116 2512 1161 2518 ——
1186 2493 1417 2535 Publilium]*
1439 2513 1480 2518 —
1497 2495 1567 2528 Vo-

877 2540 1064 2581 lumnium]
1091 2549 1117 2573 s.
1137 2540 1198 2581 42,
1218 2541 1250 2573 2.
1275 2558 1319 2564 —
1351 2539 1512 2581 Curium]
1537 2550 1564 2574 s.
