<?xml version="1.0" encoding="UTF-8"?>
<!DOCTYPE html PUBLIC "-//W3C//DTD XHTML 1.0 Transitional//EN"
    "http://www.w3.org/TR/xhtml1/DTD/xhtml1-transitional.dtd">
<html xmlns="http://www.w3.org/1999/xhtml" xml:lang="en" lang="en">
 <head>
  <title>
</title>
<meta http-equiv="Content-Type" content="text/html;charset=utf-8" />
  <meta name='ocr-system' content='tesseract 3.04.00' />
  <meta name='ocr-capabilities' content='ocr_page ocr_carea ocr_par ocr_line ocrx_word'/>
</head>
<body>
  <div class='ocr_page' id='page_1' title='image "./aburbeconditali03livyuoft_0028.png"; bbox 0 0 1731 2796; ppageno 0'>
   <div class='ocr_carea' id='block_1_1' title="bbox 112 62 1560 107">
    <p class='ocr_par' dir='ltr' id='par_1_1' title="bbox 112 62 1560 107">
     <span class='ocr_line' id='line_1_1' title="bbox 112 62 1560 107; baseline 0.012 -17"><span class='ocrx_word' id='word_1_1' title='bbox 112 62 166 100; x_wconf 82' lang='lat'>24</span> <span class='ocrx_word' id='word_1_2' title='bbox 632 62 758 97; x_wconf 82' lang='lat' dir='ltr'>LIBER</span> <span class='ocrx_word' id='word_1_3' title='bbox 783 63 836 97; x_wconf 83' lang='lat' dir='ltr'>vt.</span> <span class='ocrx_word' id='word_1_4' title='bbox 885 62 979 98; x_wconf 83' lang='lat' dir='ltr'>CAP.</span> <span class='ocrx_word' id='word_1_5' title='bbox 1007 65 1037 99; x_wconf 91' lang='grc'>8.</span> <span class='ocrx_word' id='word_1_6' title='bbox 1353 83 1379 105; x_wconf 81' lang='lat' dir='ltr'>a.</span> <span class='ocrx_word' id='word_1_7' title='bbox 1400 84 1430 105; x_wconf 86' lang='lat' dir='ltr'>u.</span> <span class='ocrx_word' id='word_1_8' title='bbox 1449 85 1476 107; x_wconf 80' lang='lat' dir='ltr'>c.</span> <span class='ocrx_word' id='word_1_9' title='bbox 1495 79 1560 107; x_wconf 81' lang='grc'><strong>368.</strong></span> 
     </span>
    </p>
   </div>
   <div class='ocr_carea' id='block_1_2' title="bbox 43 171 1564 1323">
    <p class='ocr_par' dir='ltr' id='par_1_2' title="bbox 59 171 1560 347">
     <span class='ocr_line' id='line_1_2' title="bbox 59 171 1560 233; baseline 0.004 -15"><span class='ocrx_word' id='word_1_10' title='bbox 59 186 77 218; x_wconf 88' lang='grc'>5</span> <span class='ocrx_word' id='word_1_11' title='bbox 109 191 212 218; x_wconf 90' lang='lat' dir='ltr'>mam</span> <span class='ocrx_word' id='word_1_12' title='bbox 240 185 393 217; x_wconf 90' lang='lat' dir='ltr'>tantum</span> <span class='ocrx_word' id='word_1_13' title='bbox 425 178 548 218; x_wconf 83' lang='lat' dir='ltr'>aciem</span> <span class='ocrx_word' id='word_1_14' title='bbox 572 179 639 219; x_wconf 91' lang='lat' dir='ltr'>sed</span> <span class='ocrx_word' id='word_1_15' title='bbox 663 180 778 219; x_wconf 86' lang='lat' dir='ltr'>etiam</span> <span class='ocrx_word' id='word_1_16' title='bbox 800 171 845 219; x_wconf 82' lang='lat' dir='ltr'>ad</span> <span class='ocrx_word' id='word_1_17' title='bbox 869 180 1127 220; x_wconf 89' lang='lat' dir='ltr'>subsidiarios</span> <span class='ocrx_word' id='word_1_18' title='bbox 1148 181 1355 233; x_wconf 87' lang='lat' dir='ltr'>perlatum.</span> <span class='ocrx_word' id='word_1_19' title='bbox 1408 195 1483 223; x_wconf 86' lang='lat' dir='ltr'>nec</span> <span class='ocrx_word' id='word_1_20' title='bbox 1503 184 1560 225; x_wconf 85' lang='lat' dir='ltr'>vis</span> 
     </span>
     <span class='ocr_line' id='line_1_3' title="bbox 110 236 1560 292; baseline 0.003 -17"><span class='ocrx_word' id='word_1_21' title='bbox 110 242 266 275; x_wconf 87' lang='lat' dir='ltr'>tantum</span> <span class='ocrx_word' id='word_1_22' title='bbox 287 236 453 275; x_wconf 88' lang='lat' dir='ltr'>militum</span> <span class='ocrx_word' id='word_1_23' title='bbox 477 236 659 276; x_wconf 82' lang='lat' dir='ltr'>movebat</span> <span class='ocrx_word' id='word_1_24' title='bbox 682 237 846 277; x_wconf 78' lang='lat' dir='ltr'>excitata</span> <span class='ocrx_word' id='word_1_25' title='bbox 875 238 1097 290; x_wconf 81' lang='lat' dir='ltr'>praesentia</span> <span class='ocrx_word' id='word_1_26' title='bbox 1117 238 1240 286; x_wconf 85' lang='lat' dir='ltr'>ducis,</span> <span class='ocrx_word' id='word_1_27' title='bbox 1255 239 1322 279; x_wconf 89' lang='lat' dir='ltr'>sed</span> <span class='ocrx_word' id='word_1_28' title='bbox 1342 240 1448 292; x_wconf 89' lang='lat' dir='ltr'>quod</span> <span class='ocrx_word' id='word_1_29' title='bbox 1467 240 1560 281; x_wconf 92' lang='lat' dir='ltr'>Vol-</span> 
     </span>
     <span class='ocr_line' id='line_1_4' title="bbox 110 294 1560 347; baseline 0.003 -14"><span class='ocrx_word' id='word_1_30' title='bbox 110 294 419 333; x_wconf 84' lang='lat' dir='ltr'>scorumanimis</span> <span class='ocrx_word' id='word_1_31' title='bbox 431 294 756 334; x_wconf 79' lang='lat' dir='ltr'>nibilterribilius</span> <span class='ocrx_word' id='word_1_32' title='bbox 774 302 854 334; x_wconf 84' lang='lat' dir='ltr'>erat</span> <span class='ocrx_word' id='word_1_33' title='bbox 875 307 992 347; x_wconf 86' lang='lat' dir='ltr'>quam</span> <span class='ocrx_word' id='word_1_34' title='bbox 1010 295 1133 347; x_wconf 87' lang='lat' dir='ltr'>ipsius</span> <span class='ocrx_word' id='word_1_35' title='bbox 1145 296 1294 336; x_wconf 85' lang='lat' dir='ltr'>Camilli</span> <span class='ocrx_word' id='word_1_36' title='bbox 1311 298 1413 337; x_wconf 79' lang='lat' dir='ltr'>sorte</span> <span class='ocrx_word' id='word_1_37' title='bbox 1430 297 1560 339; x_wconf 87' lang='lat' dir='ltr'>oblata</span> 
     </span>
    </p>

    <p class='ocr_par' dir='ltr' id='par_1_3' title="bbox 59 351 1557 466">
     <span class='ocr_line' id='line_1_5' title="bbox 59 351 1556 403; baseline 0.004 -13"><span class='ocrx_word' id='word_1_38' title='bbox 59 359 78 390; x_wconf 86' lang='lat'>6</span> <span class='ocrx_word' id='word_1_39' title='bbox 108 351 282 402; x_wconf 86' lang='lat' dir='ltr'>species;</span> <span class='ocrx_word' id='word_1_40' title='bbox 314 351 377 397; x_wconf 84' lang='lat' dir='ltr'>ita,</span> <span class='ocrx_word' id='word_1_41' title='bbox 411 363 662 403; x_wconf 86' lang='lat' dir='ltr'>quocumque</span> <span class='ocrx_word' id='word_1_42' title='bbox 689 366 730 391; x_wconf 87' lang='lat' dir='ltr'>se</span> <span class='ocrx_word' id='word_1_43' title='bbox 754 353 962 399; x_wconf 83' lang='lat' dir='ltr'>intulisset,</span> <span class='ocrx_word' id='word_1_44' title='bbox 994 353 1197 392; x_wconf 87' lang='lat' dir='ltr'>victoriam</span> <span class='ocrx_word' id='word_1_45' title='bbox 1215 366 1348 394; x_wconf 85' lang='lat' dir='ltr'>secum</span> <span class='ocrx_word' id='word_1_46' title='bbox 1367 355 1470 395; x_wconf 87' lang='lat' dir='ltr'>haud</span> <span class='ocrx_word' id='word_1_47' title='bbox 1487 357 1556 396; x_wconf 91' lang='lat' dir='ltr'>du-</span> 
     </span>
     <span class='ocr_line' id='line_1_6' title="bbox 110 407 1557 466; baseline 0.004 -19"><span class='ocrx_word' id='word_1_48' title='bbox 110 407 212 447; x_wconf 83' lang='lat' dir='ltr'>biam</span> <span class='ocrx_word' id='word_1_49' title='bbox 227 408 418 447; x_wconf 85' lang='lat' dir='ltr'>trabehat.</span> <span class='ocrx_word' id='word_1_50' title='bbox 449 409 615 448; x_wconf 79' lang='lat' dir='ltr'>maxime</span> <span class='ocrx_word' id='word_1_51' title='bbox 628 409 664 448; x_wconf 82' lang='lat' dir='ltr'>id</span> <span class='ocrx_word' id='word_1_52' title='bbox 679 410 932 457; x_wconf 79' lang='lat' dir='ltr'>evidenssuit,</span> <span class='ocrx_word' id='word_1_53' title='bbox 952 423 1040 450; x_wconf 88' lang='lat' dir='ltr'>cum</span> <span class='ocrx_word' id='word_1_54' title='bbox 1059 410 1098 449; x_wconf 90' lang='lat' dir='ltr'>in</span> <span class='ocrx_word' id='word_1_55' title='bbox 1118 411 1270 450; x_wconf 90' lang='lat' dir='ltr'>laevum</span> <span class='ocrx_word' id='word_1_56' title='bbox 1288 424 1415 452; x_wconf 90' lang='lat' dir='ltr'>cornu</span> <span class='ocrx_word' id='word_1_57' title='bbox 1432 426 1557 466; x_wconf 89' lang='lat' dir='ltr'>prope</span> 
     </span>
    </p>

    <p class='ocr_par' dir='ltr' id='par_1_4' title="bbox 56 466 1558 575">
     <span class='ocr_line' id='line_1_7' title="bbox 56 466 1558 520; baseline 0.005 -16"><span class='ocrx_word' id='word_1_58' title='bbox 56 514 59 515; x_wconf 19' lang='lat'><em>⁷</em></span> <span class='ocrx_word' id='word_1_59' title='bbox 109 466 184 504; x_wconf 89' lang='lat' dir='ltr'>iain</span> <span class='ocrx_word' id='word_1_60' title='bbox 200 466 356 517; x_wconf 86' lang='lat' dir='ltr'>pulsum</span> <span class='ocrx_word' id='word_1_61' title='bbox 375 473 533 517; x_wconf 82' lang='lat' dir='ltr'>arrepto</span> <span class='ocrx_word' id='word_1_62' title='bbox 551 474 717 518; x_wconf 85' lang='lat' dir='ltr'>repente</span> <span class='ocrx_word' id='word_1_63' title='bbox 736 480 837 518; x_wconf 83' lang='lat' dir='ltr'>equo</span> <span class='ocrx_word' id='word_1_64' title='bbox 848 480 938 507; x_wconf 88' lang='lat' dir='ltr'>cum</span> <span class='ocrx_word' id='word_1_65' title='bbox 951 474 1063 507; x_wconf 82' lang='lat' dir='ltr'>scuto</span> <span class='ocrx_word' id='word_1_66' title='bbox 1074 468 1443 520; x_wconf 84' lang='lat' dir='ltr'>pedestriadvectus</span> <span class='ocrx_word' id='word_1_67' title='bbox 1461 483 1558 511; x_wconf 88' lang='lat' dir='ltr'>con-</span> 
     </span>
     <span class='ocr_line' id='line_1_8' title="bbox 110 524 1558 575; baseline 0.003 -14"><span class='ocrx_word' id='word_1_68' title='bbox 110 530 248 575; x_wconf 88' lang='lat' dir='ltr'>spectu</span> <span class='ocrx_word' id='word_1_69' title='bbox 271 536 343 562; x_wconf 88' lang='lat' dir='ltr'>suo</span> <span class='ocrx_word' id='word_1_70' title='bbox 362 524 556 575; x_wconf 86' lang='lat' dir='ltr'>proelium</span> <span class='ocrx_word' id='word_1_71' title='bbox 574 524 745 563; x_wconf 74' lang='lat' dir='ltr'>restituit</span> <span class='ocrx_word' id='word_1_72' title='bbox 763 531 967 565; x_wconf 79' lang='lat' dir='ltr'>ostentans</span> <span class='ocrx_word' id='word_1_73' title='bbox 991 525 1217 565; x_wconf 73' lang='lat' dir='ltr'>vincentem</span> <span class='ocrx_word' id='word_1_74' title='bbox 1233 533 1403 567; x_wconf 83' lang='lat' dir='ltr'>ceteram</span> <span class='ocrx_word' id='word_1_75' title='bbox 1421 528 1558 568; x_wconf 86' lang='lat' dir='ltr'>aciem.</span> 
     </span>
    </p>

    <p class='ocr_par' dir='ltr' id='par_1_5' title="bbox 60 580 1561 750">
     <span class='ocr_line' id='line_1_9' title="bbox 60 580 1561 637; baseline 0.004 -18"><span class='ocrx_word' id='word_1_76' title='bbox 60 588 77 620; x_wconf 81' lang='grc' dir='ltr'><strong>τ</strong></span> <span class='ocrx_word' id='word_1_77' title='bbox 109 580 183 619; x_wconf 89' lang='lat' dir='ltr'>iam</span> <span class='ocrx_word' id='word_1_78' title='bbox 208 580 394 619; x_wconf 90' lang='lat' dir='ltr'>inclinata</span> <span class='ocrx_word' id='word_1_79' title='bbox 426 593 487 619; x_wconf 90' lang='lat' dir='ltr'>res</span> <span class='ocrx_word' id='word_1_80' title='bbox 510 588 603 626; x_wconf 83' lang='lat' dir='ltr'>erat,</span> <span class='ocrx_word' id='word_1_81' title='bbox 635 581 702 620; x_wconf 81' lang='lat' dir='ltr'>sed</span> <span class='ocrx_word' id='word_1_82' title='bbox 725 582 841 621; x_wconf 89' lang='lat' dir='ltr'>turba</span> <span class='ocrx_word' id='word_1_83' title='bbox 864 583 1034 622; x_wconf 87' lang='lat' dir='ltr'>hostium</span> <span class='ocrx_word' id='word_1_84' title='bbox 1058 590 1096 622; x_wconf 88' lang='lat' dir='ltr'>et</span> <span class='ocrx_word' id='word_1_85' title='bbox 1119 584 1248 634; x_wconf 83' lang='lat' dir='ltr'>fugam</span> <span class='ocrx_word' id='word_1_86' title='bbox 1272 584 1501 637; x_wconf 86' lang='lat' dir='ltr'>inpediebat</span> <span class='ocrx_word' id='word_1_87' title='bbox 1522 593 1561 625; x_wconf 89' lang='lat' dir='ltr'>et</span> 
     </span>
     <span class='ocr_line' id='line_1_10' title="bbox 110 637 1559 690; baseline 0.005 -15"><span class='ocrx_word' id='word_1_88' title='bbox 110 637 226 688; x_wconf 84' lang='lat' dir='ltr'>longa</span> <span class='ocrx_word' id='word_1_89' title='bbox 255 638 372 677; x_wconf 82' lang='lat' dir='ltr'>caede</span> <span class='ocrx_word' id='word_1_90' title='bbox 399 638 645 677; x_wconf 81' lang='lat' dir='ltr'>conficienda</span> <span class='ocrx_word' id='word_1_91' title='bbox 663 639 874 679; x_wconf 87' lang='lat' dir='ltr'>multitudo</span> <span class='ocrx_word' id='word_1_92' title='bbox 900 647 1006 679; x_wconf 87' lang='lat' dir='ltr'>tanta</span> <span class='ocrx_word' id='word_1_93' title='bbox 1025 641 1126 679; x_wconf 88' lang='lat' dir='ltr'>fesso</span> <span class='ocrx_word' id='word_1_94' title='bbox 1146 641 1259 680; x_wconf 91' lang='lat' dir='ltr'>militi</span> <span class='ocrx_word' id='word_1_95' title='bbox 1277 648 1372 690; x_wconf 84' lang='lat' dir='ltr'>erat,</span> <span class='ocrx_word' id='word_1_96' title='bbox 1389 655 1479 682; x_wconf 88' lang='lat' dir='ltr'>cum</span> <span class='ocrx_word' id='word_1_97' title='bbox 1497 655 1559 682; x_wconf 90' lang='lat' dir='ltr'>re-</span> 
     </span>
     <span class='ocr_line' id='line_1_11' title="bbox 111 695 1560 750; baseline 0.005 -17"><span class='ocrx_word' id='word_1_98' title='bbox 111 702 228 747; x_wconf 86' lang='lat' dir='ltr'>pente</span> <span class='ocrx_word' id='word_1_99' title='bbox 262 695 492 747; x_wconf 84' lang='lat' dir='ltr'>ingentibus</span> <span class='ocrx_word' id='word_1_100' title='bbox 526 696 712 747; x_wconf 86' lang='lat' dir='ltr'>procellis</span> <span class='ocrx_word' id='word_1_101' title='bbox 746 698 855 737; x_wconf 85' lang='lat' dir='ltr'>susus</span> <span class='ocrx_word' id='word_1_102' title='bbox 881 698 1007 737; x_wconf 83' lang='lat' dir='ltr'>imber</span> <span class='ocrx_word' id='word_1_103' title='bbox 1030 704 1176 737; x_wconf 85' lang='lat' dir='ltr'>certam</span> <span class='ocrx_word' id='word_1_104' title='bbox 1210 699 1334 750; x_wconf 86' lang='lat' dir='ltr'>magis</span> <span class='ocrx_word' id='word_1_105' title='bbox 1357 700 1560 740; x_wconf 83' lang='lat' dir='ltr'>victoriam</span> 
     </span>
    </p>

    <p class='ocr_par' dir='ltr' id='par_1_6' title="bbox 60 753 1562 924">
     <span class='ocr_line' id='line_1_12' title="bbox 60 753 1561 807; baseline 0.003 -15"><span class='ocrx_word' id='word_1_106' title='bbox 60 759 78 792; x_wconf 77' lang='grc'>8</span> <span class='ocrx_word' id='word_1_107' title='bbox 110 765 226 803; x_wconf 89' lang='lat' dir='ltr'>quam</span> <span class='ocrx_word' id='word_1_108' title='bbox 246 753 443 804; x_wconf 85' lang='lat' dir='ltr'>proelium</span> <span class='ocrx_word' id='word_1_109' title='bbox 470 753 638 792; x_wconf 83' lang='lat' dir='ltr'>diremit.</span> <span class='ocrx_word' id='word_1_110' title='bbox 682 754 796 805; x_wconf 85' lang='lat' dir='ltr'>signo</span> <span class='ocrx_word' id='word_1_111' title='bbox 815 754 956 794; x_wconf 82' lang='lat' dir='ltr'>deinde</span> <span class='ocrx_word' id='word_1_112' title='bbox 982 756 1157 807; x_wconf 84' lang='lat' dir='ltr'>receptui</span> <span class='ocrx_word' id='word_1_113' title='bbox 1177 755 1266 795; x_wconf 91' lang='lat' dir='ltr'>dato</span> <span class='ocrx_word' id='word_1_114' title='bbox 1286 769 1364 796; x_wconf 87' lang='lat' dir='ltr'>nox</span> <span class='ocrx_word' id='word_1_115' title='bbox 1383 757 1561 797; x_wconf 85' lang='lat' dir='ltr'>insecuta</span> 
     </span>
     <span class='ocr_line' id='line_1_13' title="bbox 113 810 1562 864; baseline 0.004 -16"><span class='ocrx_word' id='word_1_116' title='bbox 113 810 256 861; x_wconf 91' lang='lat' dir='ltr'>quietis</span> <span class='ocrx_word' id='word_1_117' title='bbox 272 810 461 849; x_wconf 87' lang='lat' dir='ltr'>Romanis</span> <span class='ocrx_word' id='word_1_118' title='bbox 478 811 641 862; x_wconf 80' lang='lat' dir='ltr'>perfecit</span> <span class='ocrx_word' id='word_1_119' title='bbox 654 811 815 850; x_wconf 87' lang='lat' dir='ltr'>bellum.</span> <span class='ocrx_word' id='word_1_120' title='bbox 847 812 977 851; x_wconf 89' lang='lat' dir='ltr'>Latini</span> <span class='ocrx_word' id='word_1_121' title='bbox 993 825 1165 864; x_wconf 89' lang='lat' dir='ltr'>namque</span> <span class='ocrx_word' id='word_1_122' title='bbox 1184 820 1222 852; x_wconf 89' lang='lat' dir='ltr'>et</span> <span class='ocrx_word' id='word_1_123' title='bbox 1234 813 1402 854; x_wconf 82' lang='lat' dir='ltr'>Hernici</span> <span class='ocrx_word' id='word_1_124' title='bbox 1414 815 1562 854; x_wconf 85' lang='lat' dir='ltr'>relictis</span> 
     </span>
     <span class='ocr_line' id='line_1_14' title="bbox 109 867 1562 924; baseline 0.006 -21"><span class='ocrx_word' id='word_1_125' title='bbox 109 867 261 907; x_wconf 71' lang='lat' dir='ltr'>Volscis</span> <span class='ocrx_word' id='word_1_126' title='bbox 292 867 431 907; x_wconf 90' lang='lat' dir='ltr'>domos</span> <span class='ocrx_word' id='word_1_127' title='bbox 462 868 630 919; x_wconf 81' lang='lat' dir='ltr'>profecti</span> <span class='ocrx_word' id='word_1_128' title='bbox 653 876 745 908; x_wconf 87' lang='lat' dir='ltr'>sunt</span> <span class='ocrx_word' id='word_1_129' title='bbox 780 869 890 909; x_wconf 89' lang='lat' dir='ltr'>malis</span> <span class='ocrx_word' id='word_1_130' title='bbox 920 870 1096 910; x_wconf 89' lang='lat' dir='ltr'>consiliis</span> <span class='ocrx_word' id='word_1_131' title='bbox 1136 882 1250 922; x_wconf 84' lang='lat' dir='ltr'>pares</span> <span class='ocrx_word' id='word_1_132' title='bbox 1280 871 1410 924; x_wconf 87' lang='lat' dir='ltr'>adepti</span> <span class='ocrx_word' id='word_1_133' title='bbox 1443 885 1562 912; x_wconf 87' lang='lat' dir='ltr'>even-</span> 
     </span>
    </p>

    <p class='ocr_par' dir='ltr' id='par_1_7' title="bbox 58 924 1563 1096">
     <span class='ocr_line' id='line_1_15' title="bbox 58 924 1562 979; baseline 0.003 -15"><span class='ocrx_word' id='word_1_134' title='bbox 58 932 77 964; x_wconf 82' lang='grc'>9</span> <span class='ocrx_word' id='word_1_135' title='bbox 109 931 191 973; x_wconf 88' lang='lat' dir='ltr'>tus;</span> <span class='ocrx_word' id='word_1_136' title='bbox 215 924 357 970; x_wconf 75' lang='lat' dir='ltr'>Volsci,</span> <span class='ocrx_word' id='word_1_137' title='bbox 380 924 447 964; x_wconf 89' lang='lat' dir='ltr'>ubi</span> <span class='ocrx_word' id='word_1_138' title='bbox 471 938 511 965; x_wconf 89' lang='lat' dir='ltr'>se</span> <span class='ocrx_word' id='word_1_139' title='bbox 535 926 713 966; x_wconf 82' lang='lat' dir='ltr'>desertos</span> <span class='ocrx_word' id='word_1_140' title='bbox 734 927 780 965; x_wconf 89' lang='lat' dir='ltr'>ab</span> <span class='ocrx_word' id='word_1_141' title='bbox 804 927 860 966; x_wconf 91' lang='lat' dir='ltr'>eis</span> <span class='ocrx_word' id='word_1_142' title='bbox 877 927 1020 975; x_wconf 79' lang='lat' dir='ltr'>videre,</span> <span class='ocrx_word' id='word_1_143' title='bbox 1043 940 1215 979; x_wconf 90' lang='lat' dir='ltr'>quorum</span> <span class='ocrx_word' id='word_1_144' title='bbox 1232 929 1374 968; x_wconf 85' lang='lat' dir='ltr'>fiducia</span> <span class='ocrx_word' id='word_1_145' title='bbox 1395 929 1562 969; x_wconf 87' lang='lat' dir='ltr'>rebella-</span> 
     </span>
     <span class='ocr_line' id='line_1_16' title="bbox 109 983 1563 1039; baseline 0.005 -19"><span class='ocrx_word' id='word_1_146' title='bbox 109 988 259 1028; x_wconf 76' lang='lat' dir='ltr'>verant,</span> <span class='ocrx_word' id='word_1_147' title='bbox 282 983 428 1021; x_wconf 86' lang='lat' dir='ltr'>relictis</span> <span class='ocrx_word' id='word_1_148' title='bbox 445 983 584 1022; x_wconf 86' lang='lat' dir='ltr'>eastris</span> <span class='ocrx_word' id='word_1_149' title='bbox 605 983 818 1024; x_wconf 86' lang='lat' dir='ltr'>moenibus</span> <span class='ocrx_word' id='word_1_150' title='bbox 835 984 975 1024; x_wconf 81' lang='lat' dir='ltr'>Satrici</span> <span class='ocrx_word' id='word_1_151' title='bbox 990 997 1032 1024; x_wconf 93' lang='lat' dir='ltr'>se</span> <span class='ocrx_word' id='word_1_152' title='bbox 1049 985 1273 1025; x_wconf 84' lang='lat' dir='ltr'>includunt.</span> <span class='ocrx_word' id='word_1_153' title='bbox 1316 999 1417 1038; x_wconf 90' lang='lat' dir='ltr'>quos</span> <span class='ocrx_word' id='word_1_154' title='bbox 1433 987 1563 1039; x_wconf 91' lang='lat' dir='ltr'>primo</span> 
     </span>
     <span class='ocr_line' id='line_1_17' title="bbox 111 1039 1563 1096; baseline 0.005 -19"><span class='ocrx_word' id='word_1_155' title='bbox 111 1039 294 1079; x_wconf 85' lang='lat' dir='ltr'>Camillus</span> <span class='ocrx_word' id='word_1_156' title='bbox 316 1040 415 1078; x_wconf 68' lang='lat' dir='ltr'>vallo</span> <span class='ocrx_word' id='word_1_157' title='bbox 438 1041 684 1080; x_wconf 85' lang='lat' dir='ltr'>circumdare</span> <span class='ocrx_word' id='word_1_158' title='bbox 717 1048 756 1081; x_wconf 88' lang='lat' dir='ltr'>et</span> <span class='ocrx_word' id='word_1_159' title='bbox 787 1054 930 1094; x_wconf 83' lang='lat' dir='ltr'>aggere</span> <span class='ocrx_word' id='word_1_160' title='bbox 963 1049 1079 1094; x_wconf 83' lang='lat' dir='ltr'>atque</span> <span class='ocrx_word' id='word_1_161' title='bbox 1106 1043 1295 1095; x_wconf 88' lang='lat' dir='ltr'>operibus</span> <span class='ocrx_word' id='word_1_162' title='bbox 1327 1056 1563 1096; x_wconf 84' lang='lat' dir='ltr'>oppugnare</span> 
     </span>
    </p>

    <p class='ocr_par' dir='ltr' id='par_1_8' title="bbox 43 1098 1564 1323">
     <span class='ocr_line' id='line_1_18' title="bbox 43 1098 1563 1152; baseline 0.003 -16"><span class='ocrx_word' id='word_1_163' title='bbox 43 1104 79 1137; x_wconf 84' lang='lat' dir='ltr'>to</span> <span class='ocrx_word' id='word_1_164' title='bbox 110 1103 166 1136; x_wconf 88' lang='lat' dir='ltr'>est</span> <span class='ocrx_word' id='word_1_165' title='bbox 188 1098 361 1136; x_wconf 81' lang='lat' dir='ltr'>adortus.</span> <span class='ocrx_word' id='word_1_166' title='bbox 412 1110 511 1149; x_wconf 88' lang='lat' dir='ltr'>quae</span> <span class='ocrx_word' id='word_1_167' title='bbox 543 1105 753 1150; x_wconf 81' lang='lat' dir='ltr'>postquam</span> <span class='ocrx_word' id='word_1_168' title='bbox 787 1100 892 1139; x_wconf 89' lang='lat' dir='ltr'>nulla</span> <span class='ocrx_word' id='word_1_169' title='bbox 916 1101 1127 1152; x_wconf 88' lang='lat' dir='ltr'>eruptione</span> <span class='ocrx_word' id='word_1_170' title='bbox 1147 1100 1328 1152; x_wconf 89' lang='lat' dir='ltr'>impediri</span> <span class='ocrx_word' id='word_1_171' title='bbox 1350 1102 1467 1149; x_wconf 85' lang='lat' dir='ltr'>videt,</span> <span class='ocrx_word' id='word_1_172' title='bbox 1488 1102 1563 1141; x_wconf 90' lang='lat' dir='ltr'>mi-</span> 
     </span>
     <span class='ocr_line' id='line_1_19' title="bbox 112 1155 1564 1211; baseline 0.004 -18"><span class='ocrx_word' id='word_1_173' title='bbox 112 1167 186 1194; x_wconf 90' lang='lat' dir='ltr'>nus</span> <span class='ocrx_word' id='word_1_174' title='bbox 218 1167 302 1194; x_wconf 83' lang='lat' dir='ltr'>esse</span> <span class='ocrx_word' id='word_1_175' title='bbox 335 1155 455 1194; x_wconf 90' lang='lat' dir='ltr'>animi</span> <span class='ocrx_word' id='word_1_176' title='bbox 488 1162 595 1195; x_wconf 86' lang='lat' dir='ltr'>ratus</span> <span class='ocrx_word' id='word_1_177' title='bbox 616 1156 653 1195; x_wconf 90' lang='lat' dir='ltr'>in</span> <span class='ocrx_word' id='word_1_178' title='bbox 689 1157 813 1204; x_wconf 81' lang='lat' dir='ltr'>hoste,</span> <span class='ocrx_word' id='word_1_179' title='bbox 846 1169 964 1208; x_wconf 90' lang='lat' dir='ltr'>quam</span> <span class='ocrx_word' id='word_1_180' title='bbox 996 1164 1037 1197; x_wconf 91' lang='lat' dir='ltr'>ut</span> <span class='ocrx_word' id='word_1_181' title='bbox 1069 1158 1109 1196; x_wconf 90' lang='lat' dir='ltr'>in</span> <span class='ocrx_word' id='word_1_182' title='bbox 1134 1170 1180 1197; x_wconf 88' lang='lat' dir='ltr'>eo</span> <span class='ocrx_word' id='word_1_183' title='bbox 1211 1164 1289 1197; x_wconf 90' lang='lat' dir='ltr'>tam</span> <span class='ocrx_word' id='word_1_184' title='bbox 1325 1158 1457 1199; x_wconf 87' lang='lat' dir='ltr'>lentae</span> <span class='ocrx_word' id='word_1_185' title='bbox 1479 1159 1564 1211; x_wconf 90' lang='lat' dir='ltr'>spei</span> 
     </span>
     <span class='ocr_line' id='line_1_20' title="bbox 110 1210 1563 1269; baseline 0.004 -19"><span class='ocrx_word' id='word_1_186' title='bbox 110 1212 313 1251; x_wconf 77' lang='lat' dir='ltr'>victoriam</span> <span class='ocrx_word' id='word_1_187' title='bbox 340 1219 578 1264; x_wconf 80' lang='lat' dir='ltr'>expectaret,</span> <span class='ocrx_word' id='word_1_188' title='bbox 602 1214 832 1254; x_wconf 85' lang='lat' dir='ltr'>cohortatus</span> <span class='ocrx_word' id='word_1_189' title='bbox 857 1214 998 1253; x_wconf 79' lang='lat' dir='ltr'>milites</span> <span class='ocrx_word' id='word_1_190' title='bbox 1014 1245 1023 1261; x_wconf 85' lang='lat'>,</span> <span class='ocrx_word' id='word_1_191' title='bbox 1042 1210 1111 1254; x_wconf 83' lang='lat' dir='ltr'>‘ne</span> <span class='ocrx_word' id='word_1_192' title='bbox 1134 1222 1334 1267; x_wconf 90' lang='lat' dir='ltr'>tamquam</span> <span class='ocrx_word' id='word_1_193' title='bbox 1353 1217 1468 1257; x_wconf 89' lang='lat' dir='ltr'>Veios</span> <span class='ocrx_word' id='word_1_194' title='bbox 1490 1229 1563 1269; x_wconf 94' lang='lat' dir='ltr'>op-</span> 
     </span>
     <span class='ocr_line' id='line_1_21' title="bbox 111 1270 1563 1323; baseline 0.005 -15"><span class='ocrx_word' id='word_1_195' title='bbox 111 1278 335 1321; x_wconf 83' lang='lat' dir='ltr'>pugnantes</span> <span class='ocrx_word' id='word_1_196' title='bbox 358 1270 396 1308; x_wconf 90' lang='lat' dir='ltr'>in</span> <span class='ocrx_word' id='word_1_197' title='bbox 423 1283 543 1322; x_wconf 90' lang='lat' dir='ltr'>opere</span> <span class='ocrx_word' id='word_1_198' title='bbox 567 1271 788 1323; x_wconf 90' lang='lat' dir='ltr'>longinquo</span> <span class='ocrx_word' id='word_1_199' title='bbox 811 1285 896 1312; x_wconf 89' lang='lat' dir='ltr'>sese</span> <span class='ocrx_word' id='word_1_200' title='bbox 919 1278 1120 1312; x_wconf 87' lang='lat' dir='ltr'>tererent:</span> <span class='ocrx_word' id='word_1_201' title='bbox 1145 1273 1348 1313; x_wconf 76' lang='lat' dir='ltr'>victoriam</span> <span class='ocrx_word' id='word_1_202' title='bbox 1370 1274 1410 1314; x_wconf 91' lang='lat' dir='ltr'>in</span> <span class='ocrx_word' id='word_1_203' title='bbox 1434 1275 1563 1314; x_wconf 91' lang='lat' dir='ltr'>mani-</span> 
     </span>
    </p>
   </div>
   <div class='ocr_carea' id='block_1_3' title="bbox 156 1394 1564 1441">
    <p class='ocr_par' dir='ltr' id='par_1_9' title="bbox 156 1394 1564 1441">
     <span class='ocr_line' id='line_1_22' title="bbox 156 1394 1564 1441; baseline 0.005 -16"><span class='ocrx_word' id='word_1_204' title='bbox 156 1395 186 1425; x_wconf 81' lang='lat'>5.</span> <span class='ocrx_word' id='word_1_205' title='bbox 216 1395 265 1424; x_wconf 74' lang='lat' dir='ltr'>vis</span> <span class='ocrx_word' id='word_1_206' title='bbox 290 1418 297 1425; x_wconf 91' lang='lat'><strong>.</strong></span> <span class='ocrx_word' id='word_1_207' title='bbox 317 1420 324 1427; x_wconf 90' lang='lat'><strong><em>.</em></strong></span> <span class='ocrx_word' id='word_1_208' title='bbox 351 1394 412 1425; x_wconf 78' lang='lat' dir='ltr'>sed</span> <span class='ocrx_word' id='word_1_209' title='bbox 432 1395 539 1436; x_wconf 76' lang='lat' dir='ltr'>quod]</span> <span class='ocrx_word' id='word_1_210' title='bbox 560 1395 625 1438; x_wconf 77' lang='lat' dir='ltr'>vgl.</span> <span class='ocrx_word' id='word_1_211' title='bbox 652 1398 675 1436; x_wconf 83' lang='lat' dir='ltr'>l,</span> <span class='ocrx_word' id='word_1_212' title='bbox 697 1398 800 1437; x_wconf 88' lang='lat' dir='ltr'>l5,1;</span> <span class='ocrx_word' id='word_1_213' title='bbox 872 1395 1164 1438; x_wconf 86' lang='lat' dir='ltr'>niederzuhauen‚</span> <span class='ocrx_word' id='word_1_214' title='bbox 1191 1407 1262 1430; x_wconf 89' lang='lat' dir='ltr'>was</span> <span class='ocrx_word' id='word_1_215' title='bbox 1287 1397 1388 1441; x_wconf 82' lang='lat' dir='ltr'>lange</span> <span class='ocrx_word' id='word_1_216' title='bbox 1415 1399 1487 1432; x_wconf 87' lang='lat' dir='ltr'>Zeit</span> <span class='ocrx_word' id='word_1_217' title='bbox 1513 1409 1564 1432; x_wconf 85' lang='lat' dir='ltr'>er-</span> 
     </span>
    </p>
   </div>
   <div class='ocr_carea' id='block_1_4' title="bbox 110 1439 803 2585">
    <p class='ocr_par' dir='ltr' id='par_1_10' title="bbox 110 1439 803 1573">
     <span class='ocr_line' id='line_1_23' title="bbox 111 1439 803 1480; baseline 0.004 -9"><span class='ocrx_word' id='word_1_218' title='bbox 111 1439 141 1479; x_wconf 88' lang='grc'>2,</span> <span class='ocrx_word' id='word_1_219' title='bbox 157 1439 211 1478; x_wconf 79' lang='lat'>65,</span> <span class='ocrx_word' id='word_1_220' title='bbox 228 1442 264 1477; x_wconf 73' lang='grc' dir='ltr'>’ἴς</span> <span class='ocrx_word' id='word_1_221' title='bbox 280 1439 312 1480; x_wconf 85' lang='grc'>3,</span> <span class='ocrx_word' id='word_1_222' title='bbox 329 1440 358 1480; x_wconf 76' lang='lat' dir='ltr'>S,</span> <span class='ocrx_word' id='word_1_223' title='bbox 375 1442 408 1472; x_wconf 68' lang='grc' dir='ltr'>’ῖς</span> <span class='ocrx_word' id='word_1_224' title='bbox 430 1442 460 1480; x_wconf 88' lang='grc'>9,</span> <span class='ocrx_word' id='word_1_225' title='bbox 476 1442 506 1479; x_wconf 88' lang='grc'>6,</span> <span class='ocrx_word' id='word_1_226' title='bbox 522 1443 753 1474; x_wconf 70' lang='lat' dir='ltr'>4:1‘neerti..</span> <span class='ocrx_word' id='word_1_227' title='bbox 769 1445 803 1474; x_wconf 73' lang='lat' dir='ltr'>et</span> 
     </span>
     <span class='ocr_line' id='line_1_24' title="bbox 111 1485 800 1527; baseline 0.006 -11"><span class='ocrx_word' id='word_1_228' title='bbox 111 1485 207 1527; x_wconf 83' lang='lat' dir='ltr'>quod</span> <span class='ocrx_word' id='word_1_229' title='bbox 224 1496 254 1517; x_wconf 94' lang='lat' dir='ltr'>u.</span> <span class='ocrx_word' id='word_1_230' title='bbox 273 1495 302 1517; x_wconf 91' lang='lat' dir='ltr'>a.</span> <span class='ocrx_word' id='word_1_231' title='bbox 321 1504 363 1508; x_wconf 89' lang='lat'>—</span> <span class='ocrx_word' id='word_1_232' title='bbox 382 1488 556 1527; x_wconf 70' lang='lat' dir='ltr'>movebat]</span> <span class='ocrx_word' id='word_1_233' title='bbox 571 1504 612 1515; x_wconf 88' lang='lat'>==</span> <span class='ocrx_word' id='word_1_234' title='bbox 629 1489 800 1527; x_wconf 48' lang='grc' dir='ltr'>ἴων-εὑρη</span> 
     </span>
     <span class='ocr_line' id='line_1_25' title="bbox 110 1531 685 1573; baseline 0.007 -10"><span class='ocrx_word' id='word_1_235' title='bbox 110 1540 136 1565; x_wconf 88' lang='lat' dir='ltr'>s.</span> <span class='ocrx_word' id='word_1_236' title='bbox 165 1533 245 1571; x_wconf 74' lang='lat'>7,1;</span> <span class='ocrx_word' id='word_1_237' title='bbox 274 1531 421 1572; x_wconf 88' lang='lat' dir='ltr'>absolut,</span> <span class='ocrx_word' id='word_1_238' title='bbox 449 1532 514 1564; x_wconf 86' lang='lat' dir='ltr'>wie</span> <span class='ocrx_word' id='word_1_239' title='bbox 539 1535 570 1572; x_wconf 86' lang='lat'>5,</span> <span class='ocrx_word' id='word_1_240' title='bbox 586 1536 638 1573; x_wconf 84' lang='lat'>55,</span> <span class='ocrx_word' id='word_1_241' title='bbox 658 1536 685 1567; x_wconf 80' lang='lat'>1.</span> 
     </span>
    </p>

    <p class='ocr_par' dir='ltr' id='par_1_11' title="bbox 110 1577 803 2213">
     <span class='ocr_line' id='line_1_26' title="bbox 157 1577 802 1618; baseline 0.006 -8"><span class='ocrx_word' id='word_1_242' title='bbox 157 1578 187 1610; x_wconf 83' lang='lat'>6.</span> <span class='ocrx_word' id='word_1_243' title='bbox 221 1578 284 1618; x_wconf 72' lang='lat' dir='ltr'>ita]</span> <span class='ocrx_word' id='word_1_244' title='bbox 321 1578 386 1610; x_wconf 79' lang='lat' dir='ltr'>wie</span> <span class='ocrx_word' id='word_1_245' title='bbox 417 1578 505 1610; x_wconf 74' lang='lat' dir='ltr'>adeo</span> <span class='ocrx_word' id='word_1_246' title='bbox 533 1577 643 1613; x_wconf 67' lang='lat' dir='ltr'>Praei.</span> <span class='ocrx_word' id='word_1_247' title='bbox 680 1582 731 1613; x_wconf 89' lang='lat'>11.</span> <span class='ocrx_word' id='word_1_248' title='bbox 758 1599 802 1604; x_wconf 91' lang='grc'>--</span> 
     </span>
     <span class='ocr_line' id='line_1_27' title="bbox 111 1624 802 1667; baseline 0.01 -14"><span class='ocrx_word' id='word_1_249' title='bbox 111 1632 333 1665; x_wconf 77' lang='lat' dir='ltr'>quocumque</span> <span class='ocrx_word' id='word_1_250' title='bbox 357 1635 393 1655; x_wconf 80' lang='lat' dir='ltr'>se</span> <span class='ocrx_word' id='word_1_251' title='bbox 418 1624 609 1666; x_wconf 73' lang='lat' dir='ltr'>intulisset]</span> <span class='ocrx_word' id='word_1_252' title='bbox 635 1635 660 1658; x_wconf 86' lang='lat' dir='ltr'>s.</span> <span class='ocrx_word' id='word_1_253' title='bbox 689 1626 720 1665; x_wconf 87' lang='grc'>3,</span> <span class='ocrx_word' id='word_1_254' title='bbox 751 1628 802 1667; x_wconf 92' lang='grc'>11,</span> 
     </span>
     <span class='ocr_line' id='line_1_28' title="bbox 113 1669 801 1713; baseline 0.007 -12"><span class='ocrx_word' id='word_1_255' title='bbox 113 1670 150 1705; x_wconf 84' lang='grc'>2;</span> <span class='ocrx_word' id='word_1_256' title='bbox 179 1669 231 1701; x_wconf 81' lang='grc'>21.</span> <span class='ocrx_word' id='word_1_257' title='bbox 258 1670 312 1709; x_wconf 83' lang='grc'>35,</span> <span class='ocrx_word' id='word_1_258' title='bbox 339 1670 376 1707; x_wconf 87' lang='grc'>2;</span> <span class='ocrx_word' id='word_1_259' title='bbox 413 1669 534 1703; x_wconf 78' lang='lat' dir='ltr'>anders</span> <span class='ocrx_word' id='word_1_260' title='bbox 561 1671 592 1711; x_wconf 79' lang='lat' dir='ltr'>S,</span> <span class='ocrx_word' id='word_1_261' title='bbox 619 1673 650 1713; x_wconf 86' lang='lat'>9,</span> <span class='ocrx_word' id='word_1_262' title='bbox 680 1673 730 1705; x_wconf 82' lang='lat'>12.</span> <span class='ocrx_word' id='word_1_263' title='bbox 756 1690 801 1696; x_wconf 89' lang='lat'><strong>—</strong></span> 
     </span>
     <span class='ocr_line' id='line_1_29' title="bbox 111 1713 800 1759; baseline 0.006 -14"><span class='ocrx_word' id='word_1_264' title='bbox 111 1714 252 1746; x_wconf 76' lang='lat' dir='ltr'>evidens</span> <span class='ocrx_word' id='word_1_265' title='bbox 281 1713 368 1756; x_wconf 73' lang='lat' dir='ltr'>fuit]</span> <span class='ocrx_word' id='word_1_266' title='bbox 402 1726 427 1748; x_wconf 89' lang='lat' dir='ltr'>s.</span> <span class='ocrx_word' id='word_1_267' title='bbox 457 1718 486 1752; x_wconf 73' lang='lat' dir='ltr'>S.</span> <span class='ocrx_word' id='word_1_268' title='bbox 508 1718 539 1757; x_wconf 86' lang='lat'>9,</span> <span class='ocrx_word' id='word_1_269' title='bbox 562 1718 612 1750; x_wconf 91' lang='grc'>12.</span> <span class='ocrx_word' id='word_1_270' title='bbox 638 1737 683 1740; x_wconf 89' lang='grc'>-</span> <span class='ocrx_word' id='word_1_271' title='bbox 709 1720 800 1759; x_wconf 83' lang='lat' dir='ltr'>cum]</span> 
     </span>
     <span class='ocr_line' id='line_1_30' title="bbox 114 1760 802 1803; baseline 0.009 -13"><span class='ocrx_word' id='word_1_272' title='bbox 114 1760 181 1802; x_wconf 75' lang='lat' dir='ltr'>vgl.</span> <span class='ocrx_word' id='word_1_273' title='bbox 217 1763 247 1801; x_wconf 76' lang='lat'>5,</span> <span class='ocrx_word' id='word_1_274' title='bbox 274 1762 328 1802; x_wconf 80' lang='grc'>52,</span> <span class='ocrx_word' id='word_1_275' title='bbox 355 1763 385 1794; x_wconf 87' lang='lat'>3.</span> <span class='ocrx_word' id='word_1_276' title='bbox 421 1781 461 1785; x_wconf 98' lang='lat'><strong>—</strong></span> <span class='ocrx_word' id='word_1_277' title='bbox 501 1764 626 1803; x_wconf 77' lang='lat' dir='ltr'>cornu]</span> <span class='ocrx_word' id='word_1_278' title='bbox 653 1763 711 1796; x_wconf 85' lang='lat' dir='ltr'>der</span> <span class='ocrx_word' id='word_1_279' title='bbox 736 1763 802 1797; x_wconf 77' lang='lat' dir='ltr'>Ro-</span> 
     </span>
     <span class='ocr_line' id='line_1_31' title="bbox 112 1809 801 1850; baseline 0.007 -13"><span class='ocrx_word' id='word_1_280' title='bbox 112 1815 193 1838; x_wconf 86' lang='lat' dir='ltr'>mer.</span> <span class='ocrx_word' id='word_1_281' title='bbox 235 1825 279 1829; x_wconf 91' lang='lat'><strong>—</strong></span> <span class='ocrx_word' id='word_1_282' title='bbox 312 1817 391 1838; x_wconf 80' lang='lat' dir='ltr'>cnm</span> <span class='ocrx_word' id='word_1_283' title='bbox 422 1810 523 1840; x_wconf 81' lang='lat' dir='ltr'>scuto</span> <span class='ocrx_word' id='word_1_284' title='bbox 553 1809 723 1850; x_wconf 73' lang='lat' dir='ltr'>pedestrz]</span> <span class='ocrx_word' id='word_1_285' title='bbox 755 1810 801 1842; x_wconf 90' lang='lat' dir='ltr'>im</span> 
     </span>
     <span class='ocr_line' id='line_1_32' title="bbox 112 1850 801 1888; baseline 0.007 -5"><span class='ocrx_word' id='word_1_286' title='bbox 112 1850 204 1884; x_wconf 82' lang='lat' dir='ltr'>Eiser</span> <span class='ocrx_word' id='word_1_287' title='bbox 222 1852 279 1884; x_wconf 88' lang='lat' dir='ltr'>hat</span> <span class='ocrx_word' id='word_1_288' title='bbox 297 1862 332 1884; x_wconf 90' lang='lat' dir='ltr'>er</span> <span class='ocrx_word' id='word_1_289' title='bbox 350 1852 443 1885; x_wconf 87' lang='lat' dir='ltr'>nicht</span> <span class='ocrx_word' id='word_1_290' title='bbox 469 1854 593 1886; x_wconf 88' lang='lat' dir='ltr'>einmal</span> <span class='ocrx_word' id='word_1_291' title='bbox 619 1854 684 1887; x_wconf 90' lang='lat' dir='ltr'>den</span> <span class='ocrx_word' id='word_1_292' title='bbox 713 1856 801 1888; x_wconf 83' lang='lat' dir='ltr'>beim</span> 
     </span>
     <span class='ocr_line' id='line_1_33' title="bbox 113 1896 801 1941; baseline 0.007 -13"><span class='ocrx_word' id='word_1_293' title='bbox 113 1896 231 1929; x_wconf 80' lang='lat' dir='ltr'>Reiten</span> <span class='ocrx_word' id='word_1_294' title='bbox 248 1897 486 1941; x_wconf 86' lang='lat' dir='ltr'>unbequemen</span> <span class='ocrx_word' id='word_1_295' title='bbox 503 1898 618 1932; x_wconf 88' lang='lat' dir='ltr'>Schild</span> <span class='ocrx_word' id='word_1_296' title='bbox 635 1900 693 1933; x_wconf 85' lang='lat' dir='ltr'>der</span> <span class='ocrx_word' id='word_1_297' title='bbox 708 1899 801 1934; x_wconf 85' lang='lat' dir='ltr'>Fuss-</span> 
     </span>
     <span class='ocr_line' id='line_1_34' title="bbox 113 1943 799 1986; baseline 0.006 -11"><span class='ocrx_word' id='word_1_298' title='bbox 113 1944 241 1984; x_wconf 75' lang='lat' dir='ltr'>ganger</span> <span class='ocrx_word' id='word_1_299' title='bbox 265 1944 327 1976; x_wconf 88' lang='lat' dir='ltr'>mit</span> <span class='ocrx_word' id='word_1_300' title='bbox 352 1943 410 1976; x_wconf 86' lang='lat' dir='ltr'>der</span> <span class='ocrx_word' id='word_1_301' title='bbox 430 1955 560 1986; x_wconf 82' lang='lat' dir='ltr'>parma</span> <span class='ocrx_word' id='word_1_302' title='bbox 585 1947 799 1985; x_wconf 77' lang='lat' dir='ltr'>vertauscht;</span> 
     </span>
     <span class='ocr_line' id='line_1_35' title="bbox 112 1987 801 2033; baseline 0.007 -13"><span class='ocrx_word' id='word_1_303' title='bbox 112 1987 315 2031; x_wconf 87' lang='lat' dir='ltr'>umgekehrt</span> <span class='ocrx_word' id='word_1_304' title='bbox 345 1989 478 2033; x_wconf 74' lang='lat' dir='ltr'>kampst</span> <span class='ocrx_word' id='word_1_305' title='bbox 505 1992 535 2028; x_wconf 78' lang='grc'>2,</span> <span class='ocrx_word' id='word_1_306' title='bbox 556 1992 610 2031; x_wconf 75' lang='grc'>46,</span> <span class='ocrx_word' id='word_1_307' title='bbox 632 1993 650 2024; x_wconf 84' lang='grc'>5</span> <span class='ocrx_word' id='word_1_308' title='bbox 676 1991 801 2025; x_wconf 89' lang='lat' dir='ltr'>Fabius</span> 
     </span>
     <span class='ocr_line' id='line_1_36' title="bbox 111 2033 802 2080; baseline 0.007 -14"><span class='ocrx_word' id='word_1_309' title='bbox 111 2034 173 2067; x_wconf 90' lang='lat' dir='ltr'>mit</span> <span class='ocrx_word' id='word_1_310' title='bbox 207 2033 266 2067; x_wconf 87' lang='lat' dir='ltr'>der</span> <span class='ocrx_word' id='word_1_311' title='bbox 299 2046 428 2078; x_wconf 83' lang='lat' dir='ltr'>parma</span> <span class='ocrx_word' id='word_1_312' title='bbox 455 2046 494 2068; x_wconf 94' lang='lat' dir='ltr'>zu</span> <span class='ocrx_word' id='word_1_313' title='bbox 523 2036 641 2075; x_wconf 76' lang='lat' dir='ltr'>Fusse3</span> <span class='ocrx_word' id='word_1_314' title='bbox 677 2037 742 2080; x_wconf 75' lang='lat' dir='ltr'>vgl.</span> <span class='ocrx_word' id='word_1_315' title='bbox 770 2040 802 2080; x_wconf 79' lang='lat'>4,</span> 
     </span>
     <span class='ocr_line' id='line_1_37' title="bbox 112 2081 803 2126; baseline 0 -13"><span class='ocrx_word' id='word_1_316' title='bbox 112 2081 174 2121; x_wconf 71' lang='lat'>38,</span> <span class='ocrx_word' id='word_1_317' title='bbox 200 2081 230 2113; x_wconf 87' lang='lat'>3.</span> <span class='ocrx_word' id='word_1_318' title='bbox 271 2100 316 2104; x_wconf 91' lang='lat'>-—-</span> <span class='ocrx_word' id='word_1_319' title='bbox 358 2083 559 2124; x_wconf 77' lang='lat' dir='ltr'>conspectu]</span> <span class='ocrx_word' id='word_1_320' title='bbox 606 2083 722 2126; x_wconf 80' lang='lat' dir='ltr'>passiv</span> <span class='ocrx_word' id='word_1_321' title='bbox 758 2101 803 2113; x_wconf 91' lang='lat'><strong><em>=</em></strong></span> 
     </span>
     <span class='ocr_line' id='line_1_38' title="bbox 111 2127 801 2170; baseline 0.004 -10"><span class='ocrx_word' id='word_1_322' title='bbox 111 2127 130 2168; x_wconf 64' lang='grc' dir='ltr'><strong>ξ</strong></span> <span class='ocrx_word' id='word_1_323' title='bbox 158 2129 194 2160; x_wconf 84' lang='lat'>5:</span> <span class='ocrx_word' id='word_1_324' title='bbox 228 2127 347 2159; x_wconf 81' lang='lat' dir='ltr'>oblata</span> <span class='ocrx_word' id='word_1_325' title='bbox 380 2129 527 2170; x_wconf 81' lang='lat' dir='ltr'>species;</span> <span class='ocrx_word' id='word_1_326' title='bbox 563 2128 629 2162; x_wconf 90' lang='lat' dir='ltr'>Cic.</span> <span class='ocrx_word' id='word_1_327' title='bbox 664 2129 705 2162; x_wconf 89' lang='lat' dir='ltr'>de</span> <span class='ocrx_word' id='word_1_328' title='bbox 743 2127 801 2164; x_wconf 88' lang='lat' dir='ltr'>fin.</span> 
     </span>
     <span class='ocr_line' id='line_1_39' title="bbox 110 2173 222 2213; baseline 0.009 -8"><span class='ocrx_word' id='word_1_329' title='bbox 110 2173 142 2213; x_wconf 87' lang='lat'>5,</span> <span class='ocrx_word' id='word_1_330' title='bbox 169 2173 222 2206; x_wconf 87' lang='grc'>48.</span> 
     </span>
    </p>

    <p class='ocr_par' dir='ltr' id='par_1_12' title="bbox 113 2219 802 2585">
     <span class='ocr_line' id='line_1_40' title="bbox 161 2219 802 2262; baseline 0.005 -12"><span class='ocrx_word' id='word_1_331' title='bbox 161 2220 190 2251; x_wconf 74' lang='grc' dir='ltr'>Τ.</span> <span class='ocrx_word' id='word_1_332' title='bbox 221 2219 284 2251; x_wconf 77' lang='lat' dir='ltr'>sed</span> <span class='ocrx_word' id='word_1_333' title='bbox 313 2220 418 2251; x_wconf 76' lang='lat' dir='ltr'>turba</span> <span class='ocrx_word' id='word_1_334' title='bbox 445 2246 451 2252; x_wconf 91' lang='lat'><em>.</em></span> <span class='ocrx_word' id='word_1_335' title='bbox 478 2221 499 2260; x_wconf 90' lang='lat'>.]</span> <span class='ocrx_word' id='word_1_336' title='bbox 529 2219 588 2252; x_wconf 89' lang='lat' dir='ltr'>der</span> <span class='ocrx_word' id='word_1_337' title='bbox 619 2219 700 2262; x_wconf 82' lang='lat' dir='ltr'>Sieg</span> <span class='ocrx_word' id='word_1_338' title='bbox 731 2230 802 2253; x_wconf 90' lang='lat' dir='ltr'>war</span> 
     </span>
     <span class='ocr_line' id='line_1_41' title="bbox 113 2263 801 2306; baseline 0.003 -10"><span class='ocrx_word' id='word_1_339' title='bbox 113 2263 219 2297; x_wconf 89' lang='lat' dir='ltr'>schon</span> <span class='ocrx_word' id='word_1_340' title='bbox 254 2264 494 2306; x_wconf 88' lang='lat' dir='ltr'>entschieden,</span> <span class='ocrx_word' id='word_1_341' title='bbox 533 2266 614 2298; x_wconf 89' lang='lat' dir='ltr'>aber</span> <span class='ocrx_word' id='word_1_342' title='bbox 648 2266 701 2299; x_wconf 91' lang='lat' dir='ltr'>die</span> <span class='ocrx_word' id='word_1_343' title='bbox 727 2276 801 2299; x_wconf 79' lang='lat' dir='ltr'>ver-</span> 
     </span>
     <span class='ocr_line' id='line_1_42' title="bbox 113 2309 800 2353; baseline 0.006 -12"><span class='ocrx_word' id='word_1_344' title='bbox 113 2319 267 2343; x_wconf 86' lang='lat' dir='ltr'>worrene</span> <span class='ocrx_word' id='word_1_345' title='bbox 285 2309 399 2344; x_wconf 79' lang='lat' dir='ltr'>Masse</span> <span class='ocrx_word' id='word_1_346' title='bbox 413 2310 471 2344; x_wconf 86' lang='lat' dir='ltr'>der</span> <span class='ocrx_word' id='word_1_347' title='bbox 498 2311 622 2344; x_wconf 88' lang='lat' dir='ltr'>Feinde</span> <span class='ocrx_word' id='word_1_348' title='bbox 641 2314 681 2353; x_wconf 87' lang='lat' dir='ltr'>(s.</span> <span class='ocrx_word' id='word_1_349' title='bbox 700 2313 730 2353; x_wconf 86' lang='lat'>9,</span> <span class='ocrx_word' id='word_1_350' title='bbox 745 2312 800 2353; x_wconf 82' lang='lat'>23,</span> 
     </span>
     <span class='ocr_line' id='line_1_43' title="bbox 114 2357 800 2400; baseline 0.003 -13"><span class='ocrx_word' id='word_1_351' title='bbox 114 2357 173 2388; x_wconf 81' lang='lat'>16:</span> <span class='ocrx_word' id='word_1_352' title='bbox 199 2360 307 2388; x_wconf 81' lang='lat' dir='ltr'>semet</span> <span class='ocrx_word' id='word_1_353' title='bbox 324 2359 438 2399; x_wconf 78' lang='lat' dir='ltr'>ipsam</span> <span class='ocrx_word' id='word_1_354' title='bbox 464 2359 570 2390; x_wconf 79' lang='lat' dir='ltr'>turba</span> <span class='ocrx_word' id='word_1_355' title='bbox 592 2358 800 2400; x_wconf 76' lang='lat' dir='ltr'>impediens)</span> 
     </span>
     <span class='ocr_line' id='line_1_44' title="bbox 114 2399 802 2446; baseline 0.006 -14"><span class='ocrx_word' id='word_1_356' title='bbox 114 2399 269 2434; x_wconf 76' lang='lat' dir='ltr'>binde-rte</span> <span class='ocrx_word' id='word_1_357' title='bbox 289 2403 355 2443; x_wconf 87' lang='lat' dir='ltr'>ibn,</span> <span class='ocrx_word' id='word_1_358' title='bbox 377 2402 530 2446; x_wconf 84' lang='lat' dir='ltr'>sogleich</span> <span class='ocrx_word' id='word_1_359' title='bbox 550 2414 590 2436; x_wconf 92' lang='lat' dir='ltr'>zu</span> <span class='ocrx_word' id='word_1_360' title='bbox 609 2403 802 2446; x_wconf 77' lang='lat' dir='ltr'>versolgen,</span> 
     </span>
     <span class='ocr_line' id='line_1_45' title="bbox 114 2445 801 2482; baseline 0.007 -5"><span class='ocrx_word' id='word_1_361' title='bbox 114 2445 156 2478; x_wconf 87' lang='lat' dir='ltr'>da</span> <span class='ocrx_word' id='word_1_362' title='bbox 194 2446 242 2479; x_wconf 87' lang='lat' dir='ltr'>sie</span> <span class='ocrx_word' id='word_1_363' title='bbox 280 2448 373 2481; x_wconf 88' lang='lat' dir='ltr'>nicht</span> <span class='ocrx_word' id='word_1_364' title='bbox 406 2459 468 2482; x_wconf 90' lang='lat' dir='ltr'>nur</span> <span class='ocrx_word' id='word_1_365' title='bbox 500 2449 554 2482; x_wconf 90' lang='lat' dir='ltr'>die</span> <span class='ocrx_word' id='word_1_366' title='bbox 588 2448 709 2482; x_wconf 76' lang='lat' dir='ltr'>Fiueht</span> <span class='ocrx_word' id='word_1_367' title='bbox 742 2449 801 2482; x_wconf 89' lang='lat' dir='ltr'>der</span> 
     </span>
     <span class='ocr_line' id='line_1_46' title="bbox 113 2491 801 2536; baseline 0.006 -12"><span class='ocrx_word' id='word_1_368' title='bbox 113 2491 240 2524; x_wconf 85' lang='lat' dir='ltr'>Feinde</span> <span class='ocrx_word' id='word_1_369' title='bbox 274 2494 498 2536; x_wconf 85' lang='lat' dir='ltr'>erschwerte,</span> <span class='ocrx_word' id='word_1_370' title='bbox 535 2494 681 2528; x_wconf 84' lang='lat' dir='ltr'>sondern</span> <span class='ocrx_word' id='word_1_371' title='bbox 715 2495 801 2528; x_wconf 87' lang='lat' dir='ltr'>auch</span> 
     </span>
     <span class='ocr_line' id='line_1_47' title="bbox 114 2536 800 2585; baseline 0.007 -15"><span class='ocrx_word' id='word_1_372' title='bbox 114 2537 168 2570; x_wconf 90' lang='lat' dir='ltr'>die</span> <span class='ocrx_word' id='word_1_373' title='bbox 183 2536 307 2571; x_wconf 69' lang='lat' dir='ltr'>Rfimer</span> <span class='ocrx_word' id='word_1_374' title='bbox 324 2539 466 2582; x_wconf 73' lang='lat' dir='ltr'>nfitigte,</span> <span class='ocrx_word' id='word_1_375' title='bbox 481 2541 535 2574; x_wconf 90' lang='lat' dir='ltr'>die</span> <span class='ocrx_word' id='word_1_376' title='bbox 550 2542 664 2584; x_wconf 84' lang='lat' dir='ltr'>grosse</span> <span class='ocrx_word' id='word_1_377' title='bbox 678 2540 800 2585; x_wconf 83' lang='lat' dir='ltr'>Menge</span> 
     </span>
    </p>
   </div>
   <div class='ocr_carea' id='block_1_5' title="bbox 871 1442 1564 2357">
    <p class='ocr_par' dir='ltr' id='par_1_13' title="bbox 871 1442 1564 1762">
     <span class='ocr_line' id='line_1_48' title="bbox 872 1442 1563 1487; baseline 0.004 -13"><span class='ocrx_word' id='word_1_378' title='bbox 872 1442 999 1475; x_wconf 87' lang='lat' dir='ltr'>sordert</span> <span class='ocrx_word' id='word_1_379' title='bbox 1017 1442 1122 1475; x_wconf 75' lang='lat' dir='ltr'>hatte.</span> <span class='ocrx_word' id='word_1_380' title='bbox 1137 1462 1179 1466; x_wconf 92' lang='lat'><strong>—</strong></span> <span class='ocrx_word' id='word_1_381' title='bbox 1197 1442 1360 1486; x_wconf 78' lang='lat' dir='ltr'>fugam]*</span> <span class='ocrx_word' id='word_1_382' title='bbox 1377 1464 1419 1468; x_wconf 88' lang='lat'>-—</span> <span class='ocrx_word' id='word_1_383' title='bbox 1437 1447 1563 1487; x_wconf 79' lang='lat' dir='ltr'>ingen-</span> 
     </span>
     <span class='ocr_line' id='line_1_49' title="bbox 872 1487 1562 1532; baseline 0.006 -12"><span class='ocrx_word' id='word_1_384' title='bbox 872 1489 967 1520; x_wconf 79' lang='lat' dir='ltr'>tibus</span> <span class='ocrx_word' id='word_1_385' title='bbox 1011 1488 1191 1530; x_wconf 79' lang='lat' dir='ltr'>procellis]</span> <span class='ocrx_word' id='word_1_386' title='bbox 1237 1487 1351 1523; x_wconf 86' lang='lat' dir='ltr'>‘unter</span> <span class='ocrx_word' id='word_1_387' title='bbox 1396 1489 1562 1532; x_wconf 78' lang='lat' dir='ltr'>heftigem</span> 
     </span>
     <span class='ocr_line' id='line_1_50' title="bbox 874 1529 1562 1577; baseline 0.003 -10"><span class='ocrx_word' id='word_1_388' title='bbox 874 1529 1038 1573; x_wconf 81' lang='lat' dir='ltr'>Sturme&#39;;</span> <span class='ocrx_word' id='word_1_389' title='bbox 1058 1534 1126 1577; x_wconf 74' lang='lat' dir='ltr'>vgl.</span> <span class='ocrx_word' id='word_1_390' title='bbox 1141 1535 1195 1575; x_wconf 84' lang='lat'>32,</span> <span class='ocrx_word' id='word_1_391' title='bbox 1211 1537 1248 1573; x_wconf 87' lang='lat'>6;</span> <span class='ocrx_word' id='word_1_392' title='bbox 1268 1536 1298 1575; x_wconf 88' lang='grc'>8,</span> <span class='ocrx_word' id='word_1_393' title='bbox 1313 1537 1345 1577; x_wconf 87' lang='grc'>6,</span> <span class='ocrx_word' id='word_1_394' title='bbox 1359 1537 1391 1570; x_wconf 88' lang='grc'>3.</span> <span class='ocrx_word' id='word_1_395' title='bbox 1406 1555 1448 1560; x_wconf 87' lang='lat'>—</span> <span class='ocrx_word' id='word_1_396' title='bbox 1468 1537 1562 1569; x_wconf 86' lang='lat' dir='ltr'>dire-</span> 
     </span>
     <span class='ocr_line' id='line_1_51' title="bbox 873 1578 1562 1624; baseline 0.007 -12"><span class='ocrx_word' id='word_1_397' title='bbox 873 1582 939 1612; x_wconf 81' lang='lat' dir='ltr'>mit</span> <span class='ocrx_word' id='word_1_398' title='bbox 964 1605 972 1613; x_wconf 88' lang='lat'><strong>.</strong></span> <span class='ocrx_word' id='word_1_399' title='bbox 998 1578 1021 1624; x_wconf 89' lang='lat'>.]</span> <span class='ocrx_word' id='word_1_400' title='bbox 1048 1590 1075 1613; x_wconf 88' lang='lat' dir='ltr'>s.</span> <span class='ocrx_word' id='word_1_401' title='bbox 1102 1581 1132 1623; x_wconf 84' lang='lat'>2,</span> <span class='ocrx_word' id='word_1_402' title='bbox 1153 1581 1207 1622; x_wconf 82' lang='lat'>62,</span> <span class='ocrx_word' id='word_1_403' title='bbox 1233 1584 1267 1619; x_wconf 84' lang='lat'>1;</span> <span class='ocrx_word' id='word_1_404' title='bbox 1295 1584 1326 1622; x_wconf 84' lang='lat'>7,</span> <span class='ocrx_word' id='word_1_405' title='bbox 1340 1583 1394 1623; x_wconf 85' lang='lat'>33,</span> <span class='ocrx_word' id='word_1_406' title='bbox 1412 1585 1469 1622; x_wconf 73' lang='lat'>153</span> <span class='ocrx_word' id='word_1_407' title='bbox 1502 1582 1562 1616; x_wconf 86' lang='lat' dir='ltr'>der</span> 
     </span>
     <span class='ocr_line' id='line_1_52' title="bbox 873 1625 1562 1669; baseline 0.006 -11"><span class='ocrx_word' id='word_1_408' title='bbox 873 1625 987 1659; x_wconf 87' lang='lat' dir='ltr'>Sturm</span> <span class='ocrx_word' id='word_1_409' title='bbox 1013 1630 1147 1659; x_wconf 84' lang='lat' dir='ltr'>trennte</span> <span class='ocrx_word' id='word_1_410' title='bbox 1169 1626 1223 1660; x_wconf 89' lang='lat' dir='ltr'>die</span> <span class='ocrx_word' id='word_1_411' title='bbox 1242 1626 1410 1669; x_wconf 86' lang='lat' dir='ltr'>Parteien,</span> <span class='ocrx_word' id='word_1_412' title='bbox 1435 1628 1486 1662; x_wconf 91' lang='lat' dir='ltr'>als</span> <span class='ocrx_word' id='word_1_413' title='bbox 1512 1628 1562 1662; x_wconf 90' lang='lat' dir='ltr'>sie</span> 
     </span>
     <span class='ocr_line' id='line_1_53' title="bbox 871 1671 1564 1717; baseline 0.007 -13"><span class='ocrx_word' id='word_1_414' title='bbox 871 1671 999 1705; x_wconf 87' lang='lat' dir='ltr'>bereits</span> <span class='ocrx_word' id='word_1_415' title='bbox 1025 1671 1119 1704; x_wconf 87' lang='lat' dir='ltr'>nicht</span> <span class='ocrx_word' id='word_1_416' title='bbox 1150 1672 1244 1705; x_wconf 89' lang='lat' dir='ltr'>mehr</span> <span class='ocrx_word' id='word_1_417' title='bbox 1269 1672 1459 1717; x_wconf 76' lang='lat' dir='ltr'>kampsten,</span> <span class='ocrx_word' id='word_1_418' title='bbox 1484 1684 1564 1708; x_wconf 91' lang='lat' dir='ltr'>son-</span> 
     </span>
     <span class='ocr_line' id='line_1_54' title="bbox 871 1716 1414 1762; baseline 0.006 -12"><span class='ocrx_word' id='word_1_419' title='bbox 871 1716 954 1751; x_wconf 81' lang='lat' dir='ltr'>dern</span> <span class='ocrx_word' id='word_1_420' title='bbox 979 1717 1034 1758; x_wconf 77' lang='lat' dir='ltr'>die</span> <span class='ocrx_word' id='word_1_421' title='bbox 1059 1718 1135 1751; x_wconf 89' lang='lat' dir='ltr'>eine</span> <span class='ocrx_word' id='word_1_422' title='bbox 1161 1719 1268 1752; x_wconf 82' lang='lat' dir='ltr'>sebon</span> <span class='ocrx_word' id='word_1_423' title='bbox 1294 1719 1414 1762; x_wconf 85' lang='lat' dir='ltr'>siegte.</span> 
     </span>
    </p>

    <p class='ocr_par' dir='ltr' id='par_1_14' title="bbox 872 1758 1562 1991">
     <span class='ocr_line' id='line_1_55' title="bbox 919 1758 1562 1808; baseline 0.006 -11"><span class='ocrx_word' id='word_1_424' title='bbox 919 1764 948 1797; x_wconf 87' lang='lat'>8.</span> <span class='ocrx_word' id='word_1_425' title='bbox 986 1763 1124 1805; x_wconf 80' lang='lat' dir='ltr'>deinde]</span> <span class='ocrx_word' id='word_1_426' title='bbox 1157 1758 1304 1808; x_wconf 79' lang='lat' dir='ltr'>‘insolge</span> <span class='ocrx_word' id='word_1_427' title='bbox 1347 1760 1483 1800; x_wconf 87' lang='lat' dir='ltr'>davon&#39;.</span> <span class='ocrx_word' id='word_1_428' title='bbox 1518 1785 1562 1790; x_wconf 86' lang='lat'>——</span> 
     </span>
     <span class='ocr_line' id='line_1_56' title="bbox 873 1809 1562 1851; baseline 0.01 -12"><span class='ocrx_word' id='word_1_429' title='bbox 873 1811 1013 1851; x_wconf 77' lang='lat' dir='ltr'>quietis]</span> <span class='ocrx_word' id='word_1_430' title='bbox 1031 1810 1120 1843; x_wconf 90' lang='lat' dir='ltr'>ohne</span> <span class='ocrx_word' id='word_1_431' title='bbox 1134 1809 1210 1844; x_wconf 80' lang='lat' dir='ltr'>dass</span> <span class='ocrx_word' id='word_1_432' title='bbox 1223 1811 1274 1844; x_wconf 88' lang='lat' dir='ltr'>sie</span> <span class='ocrx_word' id='word_1_433' title='bbox 1291 1813 1400 1845; x_wconf 80' lang='lat' dir='ltr'>et&#39;was</span> <span class='ocrx_word' id='word_1_434' title='bbox 1418 1822 1458 1846; x_wconf 93' lang='lat' dir='ltr'>zu</span> <span class='ocrx_word' id='word_1_435' title='bbox 1476 1811 1562 1846; x_wconf 80' lang='lat' dir='ltr'>thuri</span> 
     </span>
     <span class='ocr_line' id='line_1_57' title="bbox 872 1854 1562 1900; baseline 0.007 -13"><span class='ocrx_word' id='word_1_436' title='bbox 872 1854 1001 1888; x_wconf 86' lang='lat' dir='ltr'>hatten.</span> <span class='ocrx_word' id='word_1_437' title='bbox 1027 1874 1070 1878; x_wconf 86' lang='lat'>—</span> <span class='ocrx_word' id='word_1_438' title='bbox 1096 1856 1230 1900; x_wconf 74' lang='lat' dir='ltr'>adepti]</span> <span class='ocrx_word' id='word_1_439' title='bbox 1260 1857 1354 1890; x_wconf 80' lang='lat' dir='ltr'>nicht</span> <span class='ocrx_word' id='word_1_440' title='bbox 1379 1857 1469 1891; x_wconf 89' lang='lat' dir='ltr'>ohne</span> <span class='ocrx_word' id='word_1_441' title='bbox 1493 1857 1562 1891; x_wconf 84' lang='lat' dir='ltr'>Iro-</span> 
     </span>
     <span class='ocr_line' id='line_1_58' title="bbox 872 1900 1562 1948; baseline 0.007 -16"><span class='ocrx_word' id='word_1_442' title='bbox 872 1900 938 1941; x_wconf 89' lang='lat' dir='ltr'>nie,</span> <span class='ocrx_word' id='word_1_443' title='bbox 967 1900 1016 1933; x_wconf 89' lang='lat' dir='ltr'>als</span> <span class='ocrx_word' id='word_1_444' title='bbox 1042 1901 1085 1934; x_wconf 94' lang='lat' dir='ltr'>ob</span> <span class='ocrx_word' id='word_1_445' title='bbox 1112 1902 1162 1935; x_wconf 89' lang='lat' dir='ltr'>sie</span> <span class='ocrx_word' id='word_1_446' title='bbox 1187 1901 1305 1936; x_wconf 83' lang='lat' dir='ltr'>diesen</span> <span class='ocrx_word' id='word_1_447' title='bbox 1330 1913 1372 1936; x_wconf 90' lang='lat' dir='ltr'>zu</span> <span class='ocrx_word' id='word_1_448' title='bbox 1398 1902 1562 1948; x_wconf 84' lang='lat' dir='ltr'>erlangen</span> 
     </span>
     <span class='ocr_line' id='line_1_59' title="bbox 872 1946 1399 1991; baseline 0.009 -13"><span class='ocrx_word' id='word_1_449' title='bbox 872 1946 1016 1988; x_wconf 83' lang='lat' dir='ltr'>gesucht</span> <span class='ocrx_word' id='word_1_450' title='bbox 1042 1946 1177 1986; x_wconf 69' lang='lat' dir='ltr'>hattem</span> <span class='ocrx_word' id='word_1_451' title='bbox 1204 1948 1273 1991; x_wconf 86' lang='lat' dir='ltr'>vgl.</span> <span class='ocrx_word' id='word_1_452' title='bbox 1299 1948 1354 1990; x_wconf 88' lang='lat'>33,</span> <span class='ocrx_word' id='word_1_453' title='bbox 1368 1950 1399 1983; x_wconf 89' lang='lat'>3.</span> 
     </span>
    </p>

    <p class='ocr_par' dir='ltr' id='par_1_15' title="bbox 871 1993 1560 2127">
     <span class='ocr_line' id='line_1_60' title="bbox 918 1993 1560 2038; baseline 0.005 -13"><span class='ocrx_word' id='word_1_454' title='bbox 918 1993 949 2027; x_wconf 86' lang='lat'>9.</span> <span class='ocrx_word' id='word_1_455' title='bbox 974 1994 1159 2026; x_wconf 74' lang='lat' dir='ltr'>moenibus</span> <span class='ocrx_word' id='word_1_456' title='bbox 1187 2018 1195 2027; x_wconf 89' lang='lat'><strong>.</strong></span> <span class='ocrx_word' id='word_1_457' title='bbox 1222 2018 1230 2027; x_wconf 91' lang='lat'>.</span> <span class='ocrx_word' id='word_1_458' title='bbox 1260 1995 1464 2037; x_wconf 79' lang='lat' dir='ltr'>includunt]</span> <span class='ocrx_word' id='word_1_459' title='bbox 1492 1994 1560 2038; x_wconf 85' lang='lat' dir='ltr'>vgl.</span> 
     </span>
     <span class='ocr_line' id='line_1_61' title="bbox 874 2039 1560 2082; baseline 0.004 -11"><span class='ocrx_word' id='word_1_460' title='bbox 874 2039 926 2078; x_wconf 90' lang='lat'>10,</span> <span class='ocrx_word' id='word_1_461' title='bbox 941 2040 995 2078; x_wconf 79' lang='lat'>45,</span> <span class='ocrx_word' id='word_1_462' title='bbox 1012 2040 1041 2071; x_wconf 77' lang='lat'>7.</span> <span class='ocrx_word' id='word_1_463' title='bbox 1052 2058 1097 2062; x_wconf 90' lang='lat'>—</span> <span class='ocrx_word' id='word_1_464' title='bbox 1112 2049 1323 2082; x_wconf 75' lang='lat' dir='ltr'>oppugnare</span> <span class='ocrx_word' id='word_1_465' title='bbox 1337 2041 1560 2082; x_wconf 69' lang='lat' dir='ltr'>estadortus]</span> 
     </span>
     <span class='ocr_line' id='line_1_62' title="bbox 871 2084 1046 2127; baseline 0.023 -13"><span class='ocrx_word' id='word_1_466' title='bbox 871 2085 940 2127; x_wconf 84' lang='lat' dir='ltr'>vgl.</span> <span class='ocrx_word' id='word_1_467' title='bbox 969 2085 1000 2125; x_wconf 91' lang='grc'>2,</span> <span class='ocrx_word' id='word_1_468' title='bbox 1015 2084 1046 2118; x_wconf 85' lang='grc'>8.</span> 
     </span>
    </p>

    <p class='ocr_par' dir='ltr' id='par_1_16' title="bbox 871 2131 1563 2357">
     <span class='ocr_line' id='line_1_63' title="bbox 920 2131 1559 2173; baseline 0.005 -11"><span class='ocrx_word' id='word_1_469' title='bbox 920 2131 971 2163; x_wconf 83' lang='lat'>10.</span> <span class='ocrx_word' id='word_1_470' title='bbox 1011 2131 1126 2164; x_wconf 82' lang='lat' dir='ltr'>lentae</span> <span class='ocrx_word' id='word_1_471' title='bbox 1159 2132 1237 2172; x_wconf 75' lang='lat' dir='ltr'>spei</span> <span class='ocrx_word' id='word_1_472' title='bbox 1264 2132 1468 2173; x_wconf 78' lang='lat' dir='ltr'>victoriam]</span> <span class='ocrx_word' id='word_1_473' title='bbox 1505 2132 1559 2165; x_wconf 86' lang='lat' dir='ltr'>ein</span> 
     </span>
     <span class='ocr_line' id='line_1_64' title="bbox 872 2173 1563 2221; baseline 0.004 -13"><span class='ocrx_word' id='word_1_474' title='bbox 872 2173 964 2217; x_wconf 87' lang='lat' dir='ltr'>Sieg,</span> <span class='ocrx_word' id='word_1_475' title='bbox 990 2175 1048 2208; x_wconf 89' lang='lat' dir='ltr'>der</span> <span class='ocrx_word' id='word_1_476' title='bbox 1074 2179 1143 2209; x_wconf 85' lang='lat' dir='ltr'>erst</span> <span class='ocrx_word' id='word_1_477' title='bbox 1167 2176 1252 2209; x_wconf 84' lang='lat' dir='ltr'>nach</span> <span class='ocrx_word' id='word_1_478' title='bbox 1271 2176 1407 2220; x_wconf 86' lang='lat' dir='ltr'>langem</span> <span class='ocrx_word' id='word_1_479' title='bbox 1427 2175 1563 2221; x_wconf 82' lang='lat' dir='ltr'>Verzug</span> 
     </span>
     <span class='ocr_line' id='line_1_65' title="bbox 873 2220 1562 2263; baseline 0.007 -11"><span class='ocrx_word' id='word_1_480' title='bbox 873 2220 1004 2263; x_wconf 80' lang='lat' dir='ltr'>gehofft</span> <span class='ocrx_word' id='word_1_481' title='bbox 1029 2221 1166 2254; x_wconf 84' lang='lat' dir='ltr'>werden</span> <span class='ocrx_word' id='word_1_482' title='bbox 1201 2221 1347 2262; x_wconf 87' lang='lat' dir='ltr'>konnte;</span> <span class='ocrx_word' id='word_1_483' title='bbox 1380 2223 1434 2256; x_wconf 86' lang='lat' dir='ltr'>ein</span> <span class='ocrx_word' id='word_1_484' title='bbox 1459 2223 1562 2257; x_wconf 86' lang='lat' dir='ltr'>sreier</span> 
     </span>
     <span class='ocr_line' id='line_1_66' title="bbox 871 2265 1559 2312; baseline 0.004 -13"><span class='ocrx_word' id='word_1_485' title='bbox 871 2265 1050 2300; x_wconf 89' lang='lat' dir='ltr'>Gebrauch</span> <span class='ocrx_word' id='word_1_486' title='bbox 1075 2266 1135 2300; x_wconf 91' lang='lat' dir='ltr'>des</span> <span class='ocrx_word' id='word_1_487' title='bbox 1152 2266 1340 2301; x_wconf 90' lang='lat' dir='ltr'>Genetivus</span> <span class='ocrx_word' id='word_1_488' title='bbox 1365 2268 1559 2312; x_wconf 69' lang='lat' dir='ltr'>qualitatis:</span> 
     </span>
     <span class='ocr_line' id='line_1_67' title="bbox 871 2311 1562 2357; baseline 0.007 -14"><span class='ocrx_word' id='word_1_489' title='bbox 871 2311 939 2354; x_wconf 86' lang='lat' dir='ltr'>vgl.</span> <span class='ocrx_word' id='word_1_490' title='bbox 964 2323 1043 2354; x_wconf 78' lang='lat' dir='ltr'>spes</span> <span class='ocrx_word' id='word_1_491' title='bbox 1058 2324 1138 2346; x_wconf 72' lang='lat' dir='ltr'>sera</span> <span class='ocrx_word' id='word_1_492' title='bbox 1163 2314 1195 2354; x_wconf 87' lang='lat'>5,</span> <span class='ocrx_word' id='word_1_493' title='bbox 1209 2314 1240 2355; x_wconf 85' lang='lat'>6,</span> <span class='ocrx_word' id='word_1_494' title='bbox 1255 2315 1291 2354; x_wconf 88' lang='lat'>2;</span> <span class='ocrx_word' id='word_1_495' title='bbox 1317 2324 1394 2357; x_wconf 77' lang='lat' dir='ltr'>spes</span> <span class='ocrx_word' id='word_1_496' title='bbox 1419 2315 1562 2348; x_wconf 79' lang='lat' dir='ltr'>tardior</span> 
     </span>
    </p>
   </div>
   <div class='ocr_carea' id='block_1_6' title="bbox 866 2358 1561 2494">
    <p class='ocr_par' dir='ltr' id='par_1_17' title="bbox 866 2358 1561 2494">
     <span class='ocr_line' id='line_1_68' title="bbox 870 2358 1561 2404; baseline 0.004 -13"><span class='ocrx_word' id='word_1_497' title='bbox 870 2359 925 2398; x_wconf 87' lang='grc'>40,</span> <span class='ocrx_word' id='word_1_498' title='bbox 951 2358 1005 2400; x_wconf 91' lang='grc'>26,</span> <span class='ocrx_word' id='word_1_499' title='bbox 1031 2360 1062 2400; x_wconf 84' lang='grc'>4,</span> <span class='ocrx_word' id='word_1_500' title='bbox 1093 2377 1137 2382; x_wconf 91' lang='grc'>-</span> <span class='ocrx_word' id='word_1_501' title='bbox 1163 2361 1346 2402; x_wconf 80' lang='lat' dir='ltr'>tamquam</span> <span class='ocrx_word' id='word_1_502' title='bbox 1371 2386 1378 2394; x_wconf 93' lang='lat'><strong><em>.</em></strong></span> <span class='ocrx_word' id='word_1_503' title='bbox 1414 2384 1424 2394; x_wconf 90' lang='lat'><strong>.</strong></span> <span class='ocrx_word' id='word_1_504' title='bbox 1449 2371 1561 2404; x_wconf 84' lang='lat' dir='ltr'>oppu-</span> 
     </span>
     <span class='ocr_line' id='line_1_69' title="bbox 867 2406 1560 2450; baseline 0.006 -15"><span class='ocrx_word' id='word_1_505' title='bbox 867 2406 1034 2445; x_wconf 80' lang='lat' dir='ltr'>gnantes]</span> <span class='ocrx_word' id='word_1_506' title='bbox 1054 2420 1098 2431; x_wconf 95' lang='lat'><strong><em>=</em></strong></span> <span class='ocrx_word' id='word_1_507' title='bbox 1118 2407 1300 2447; x_wconf 82' lang='lat' dir='ltr'>tamquam</span> <span class='ocrx_word' id='word_1_508' title='bbox 1322 2407 1355 2438; x_wconf 73' lang='lat' dir='ltr'>si</span> <span class='ocrx_word' id='word_1_509' title='bbox 1379 2430 1387 2439; x_wconf 91' lang='lat'><strong><em>.</em></strong></span> <span class='ocrx_word' id='word_1_510' title='bbox 1413 2431 1422 2439; x_wconf 94' lang='lat'>.</span> <span class='ocrx_word' id='word_1_511' title='bbox 1450 2416 1560 2450; x_wconf 83' lang='lat' dir='ltr'>oppu-</span> 
     </span>
     <span class='ocr_line' id='line_1_70' title="bbox 866 2452 1560 2494; baseline 0.004 -12"><span class='ocrx_word' id='word_1_512' title='bbox 866 2453 1036 2492; x_wconf 81' lang='lat' dir='ltr'>gnarent.</span> <span class='ocrx_word' id='word_1_513' title='bbox 1061 2468 1106 2473; x_wconf 88' lang='lat'>——</span> <span class='ocrx_word' id='word_1_514' title='bbox 1131 2452 1169 2482; x_wconf 83' lang='lat' dir='ltr'>in</span> <span class='ocrx_word' id='word_1_515' title='bbox 1194 2461 1299 2494; x_wconf 84' lang='lat' dir='ltr'>opere</span> <span class='ocrx_word' id='word_1_516' title='bbox 1323 2478 1331 2485; x_wconf 94' lang='lat'><strong><em>.</em></strong></span> <span class='ocrx_word' id='word_1_517' title='bbox 1357 2475 1366 2485; x_wconf 92' lang='lat'>.</span> <span class='ocrx_word' id='word_1_518' title='bbox 1392 2454 1560 2494; x_wconf 78' lang='lat' dir='ltr'>tererent]</span> 
     </span>
    </p>
   </div>
   <div class='ocr_carea' id='block_1_7' title="bbox 871 2496 1560 2583">
    <p class='ocr_par' dir='ltr' id='par_1_18' title="bbox 871 2496 1560 2583">
     <span class='ocr_line' id='line_1_71' title="bbox 871 2496 1560 2542; baseline 0.009 -15"><span class='ocrx_word' id='word_1_519' title='bbox 871 2505 896 2528; x_wconf 90' lang='lat' dir='ltr'>s.</span> <span class='ocrx_word' id='word_1_520' title='bbox 926 2497 955 2537; x_wconf 92' lang='lat'>1,</span> <span class='ocrx_word' id='word_1_521' title='bbox 971 2498 1024 2537; x_wconf 81' lang='lat'>57,</span> <span class='ocrx_word' id='word_1_522' title='bbox 1040 2497 1070 2530; x_wconf 88' lang='grc'>9.</span> <span class='ocrx_word' id='word_1_523' title='bbox 1088 2515 1132 2520; x_wconf 83' lang='lat'><em>-</em></span> <span class='ocrx_word' id='word_1_524' title='bbox 1157 2496 1369 2540; x_wconf 83' lang='lat' dir='ltr'>longinqua]</span> <span class='ocrx_word' id='word_1_525' title='bbox 1394 2497 1463 2541; x_wconf 80' lang='lat' dir='ltr'>vgl.</span> <span class='ocrx_word' id='word_1_526' title='bbox 1489 2497 1560 2542; x_wconf 78' lang='lat'>§7:</span> 
     </span>
     <span class='ocr_line' id='line_1_72' title="bbox 871 2541 1272 2583; baseline 0.007 -9"><span class='ocrx_word' id='word_1_527' title='bbox 871 2541 998 2583; x_wconf 82' lang='lat' dir='ltr'>longa;</span> <span class='ocrx_word' id='word_1_528' title='bbox 1025 2541 1146 2575; x_wconf 79' lang='lat' dir='ltr'>andeis</span> <span class='ocrx_word' id='word_1_529' title='bbox 1171 2543 1226 2583; x_wconf 82' lang='lat'>42,</span> <span class='ocrx_word' id='word_1_530' title='bbox 1242 2544 1272 2577; x_wconf 89' lang='grc'>8.</span> 
     </span>
    </p>
   </div>
  </div>
 </body>
</html>
