1731 2796
92 617 146 658 '10

110 739 145 771 11

111 910 146 941 12

110 1023 146 1054 13

112 1080 148 1111 14

175 32 232 85 96
668 47 793 80 Linea
818 47 912 81 vnn.
948 46 1041 80 CAP.
1067 49 1122 81 41.
1343 64 1413 84 Μ.
1430 64 1456 84 0.
1476 57 1615 85 new.

173 163 280 202 dium
303 163 478 202 exercitu
500 163 676 202 Romano
699 162 747 202 ab
770 163 882 202 hoste
903 162 942 201 in
967 175 1055 201 eum
1078 174 1226 201 annum
1249 174 1417 214 pensum
1440 167 1478 201 et
1498 161 1616 201 binae

173 220 330 259 tunicae
354 221 392 258 in
417 221 578 259 militem
602 226 759 259 exactae
772 226 785 267 ;’
814 232 857 258 ea
880 231 1033 258 merces
1055 218 1294 258 indutiarum
1317 218 1402 258 suit.

293 277 541 328 Tranquillas
572 290 634 316 res
655 277 731 316 iam
762 280 803 316 in
826 277 1002 315 Etruscis
1023 276 1194 315 turbavit
1220 275 1429 328 repentina
1450 275 1615 315 defectio

175 334 425 381 Vmbrorum,
448 335 578 386 gentis
599 335 776 386 integrae
797 347 817 373 a
841 333 1013 372 cladibus
1035 333 1138 381 belli,
1172 333 1245 372 nisi
1277 332 1383 384 quod
1405 332 1616 372 transitum

176 392 372 431 exercitus
393 404 485 443 ager
506 399 695 431 senserat.
733 391 757 429 ii
775 391 970 430 concitata
987 391 1093 429 omni
1116 390 1317 428 iuventute
1333 402 1402 429 sua
1419 396 1457 429 et
1477 401 1618 441 magna

176 455 285 499 parte
317 448 577 488 Etruscorum
617 449 661 487 ad
695 448 952 486 rebellionem
987 447 1177 498 conpulsa
1217 453 1371 486 tantum
1402 447 1618 486 exercitum

176 506 364 552 fecerant,
390 513 432 544 ut
452 506 590 544 relicto
608 512 693 556 post
713 518 753 544 se
771 506 809 544 in
826 505 982 544 Etruria
1002 504 1119 543 Decio
1137 504 1184 542 ad
1203 504 1508 555 oppugnandam
1527 503 1618 542 inde

178 561 340 600 Romam
363 563 497 609 ituros,
530 563 737 612 magnifice
770 562 817 600 de
848 575 889 601 se
922 574 965 600 ac
995 561 1251 612 contemptim
1283 560 1330 599 de
1352 560 1540 600 Romanis
1560 560 1618 599 lo-

179 626 359 669 quentes,
382 619 585 658 jactarent.
624 620 727 669 quod
751 619 954 670 inceptum
977 630 1114 657 eorum
1139 618 1203 656 ubi
1226 617 1273 656 ad
1290 617 1452 656 Decium
1474 630 1619 656 consu-

178 675 252 713 lem
277 677 468 726 perlatum
493 683 564 721 est,
597 676 643 714 ad
676 676 815 714 urbem
838 688 884 714 ex
908 675 1060 713 Etruria
1083 675 1236 724 magnis
1257 674 1466 713 itineribus
1490 674 1617 725 pergit

177 739 214 770 et
235 732 274 770 in
298 745 392 783 agro
416 733 646 784 Pupiniensi
670 732 715 770 ad
739 733 879 771 samam
902 732 1079 770 intentus
1107 731 1278 770 hostium
1301 731 1492 770 consedit.
1546 743 1619 769 nec

179 789 323 828 Romae
354 790 618 841 spernebatur
641 789 877 828 Vmbrorum
909 788 1070 835 bellum,
1102 794 1140 826 et
1174 788 1281 839 ipsae
1312 786 1442 826 minae
1474 793 1621 826 metum

180 846 357 885 fecerant
379 847 550 898 expertis
572 846 718 885 Gallica
741 846 860 893 clade,
894 857 1010 896 quam
1034 845 1200 884 intutam
1223 843 1363 883 urbem
1386 844 1621 884 incolerent.

178 903 308 954 itaque
341 904 455 955 legati
486 905 531 942 ad
556 903 718 942 Fabium
750 903 955 942 consulem
986 902 1093 941 missi
1123 907 1228 949 sunt,
1259 907 1314 948 ut,
1346 901 1377 940 si
1400 901 1493 953 quid
1515 901 1620 940 laxa-

180 961 301 999 menti
323 974 342 999 a
374 961 477 999 bello
502 960 736 1000 Samnitium
759 966 880 1007 esset,
913 960 952 998 in
975 959 1173 998 Vmbriam
1204 970 1374 1010 propere
1405 958 1621 997 exercitum

179 1016 353 1056 duceret.
396 1018 499 1056 dicto
522 1018 651 1069 paruit
675 1017 814 1056 consul
837 1016 1070 1067 magnisque
1091 1015 1300 1054 itineribus
1322 1015 1369 1054 ad
1391 1015 1619 1062 Mevaniam,

179 1073 244 1112 nbi
270 1081 350 1113 tum
374 1075 509 1125 copiae
526 1074 762 1113 Vmbrorum
780 1080 905 1120 erant,
928 1073 1112 1124 perrexit.
1149 1085 1293 1123 repens
1314 1072 1503 1111 adventus
1524 1084 1621 1111 con-

180 1131 287 1177 sulis,
321 1144 436 1182 quein
461 1132 600 1182 procul
623 1131 778 1169 Vmbria
802 1131 840 1169 in
865 1130 1025 1169 Samnio
1049 1130 1151 1168 bello
1179 1130 1253 1168 alio
1277 1135 1511 1180 occupatum
1535 1141 1621 1168 cre-

180 1187 371 1235 diderant,
392 1189 441 1227 ita
462 1188 651 1227 exterruit
670 1187 848 1235 Vmbros,
873 1194 914 1226 ut
930 1187 993 1226 alii
1010 1186 1275 1226 recedendum
1293 1186 1339 1225 ad
1355 1186 1474 1226 urbes
1491 1185 1621 1225 muni-

180 1287 205 1310 s.
225 1278 278 1315 43,
297 1279 326 1310 6.
345 1297 387 1300 —
414 1279 586 1317 eoeerez‘tu]
612 1288 638 1310 s.
657 1287 697 1309 zu
723 1279 753 1317 5,
773 1277 804 1309 6.
822 1295 865 1300 -

180 1324 295 1362 binae]
322 1334 346 1355 s.
373 1326 403 1363 7,
423 1324 476 1361 37,
496 1324 525 1356 2.

227 1370 256 1401 8.
284 1369 499 1410 tranquillas
516 1370 582 1408 res]
608 1367 661 1400 die
680 1366 782 1399 durch
802 1366 864 1399 den

182 1413 488 1447 Waffenstillstand
515 1412 733 1455 hergestellte
758 1411 866 1446 Rnhe.

180 1478 225 1483 —
244 1463 279 1491 in
298 1460 471 1499 Etruscis]
486 1476 531 1488 =
545 1461 581 1490 in
600 1459 770 1495 Et7²m‘ia;
797 1457 866 1495 vgl.

182 1505 332 1546 §16;8,
354 1507 404 1545 13,
424 1507 460 1543 2;
482 1506 534 1545 33,
554 1507 606 1545 21,
625 1505 659 1542 63
688 1514 787 1545 yvenn
814 1503 867 1536 die

183 1549 300 1583 Worte
340 1551 432 1583 nicht
469 1551 558 1583 bloss
592 1550 654 1582 den
686 1548 867 1591 Ubergang

182 1596 376 1629 vermitteln
410 1596 538 1637 soHen,
572 1595 657 1627 wird
685 1594 760 1627 eine
789 1593 868 1626 Ver-

184 1642 334 1684 bindung
359 1641 418 1675 der
436 1641 598 1674 Etrusker
624 1641 685 1672 mit
707 1639 770 1672 den
789 1639 868 1672 Um-

184 1687 282 1719 brern
310 1691 583 1729 vorausgesetzt,
615 1686 669 1718 die
695 1685 869 1717 vielleicht

184 1733 267 1773 39‚4
289 1733 495 1775 angedeutet
513 1732 617 1765 ist.-
631 1730 797 1771 defectio]
817 1731 868 1763 bis

179 1778 266 1819 jetzt
284 1778 358 1811 sind
377 1789 439 1811 nur
452 1778 505 1810 die
521 1778 691 1810 Camertes
710 1777 770 1808 mit
786 1776 868 1809 Rom

183 1824 379 1856 verbunden
392 1834 567 1864 gewesen:
583 1834 607 1855 s.
618 1824 670 1863 36,
681 1825 711 1855 7.
723 1824 871 1861 37,1.—

184 1871 347 1911 integrae
372 1871 405 1909 α]
432 1879 457 1902 s.
479 1870 532 1909 38,
552 1870 604 1908 14,
623 1870 659 1905 6;
686 1869 740 1908 45,
759 1869 813 1905 37,
832 1868 870 1905 83

185 1913 264 1947 Tac.
280 1916 365 1947 Ann.
383 1917 435 1952 15,
451 1916 508 1951 52;
527 1914 596 1953 vgl.
612 1913 675 1945 den
692 1912 871 1944 ahnlichen

187 1958 346 2001 Vorgang
364 1961 395 1999 6,
414 1961 466 1996 33,
486 1961 515 1991 2.
533 1978 579 1982 —
604 1961 795 1990 transitum
820 1981 827 1989 .
851 1959 871 1997 .]

185 2005 230 2037 ist
254 2006 376 2037 vorher
401 2005 493 2037 nicht
521 2004 690 2041 erwahnt3
723 2013 748 2035 s.
775 2002 872 2034 Nieb.

185 2049 253 2083 RG.
274 2053 302 2091 1,
321 2052 397 2083 511.
422 2069 466 2073 —
489 2050 658 2088 senserat]
685 2059 710 2081 s.
730 2049 784 2088 37,
805 2050 831 2081 1.

233 2097 263 2128 9.
283 2098 367 2137 post
390 2097 437 2135 se]
465 2095 513 2128 sie
532 2094 699 2136 umgehen
727 2094 789 2125 den
811 2092 872 2125 De-

186 2140 269 2181 cius,
281 2141 393 2173 indem
405 2141 453 2173 sie
464 2139 665 2172 vermutlich
679 2139 783 2171 durch
796 2137 873 2170 Um-

186 2186 281 2219 brien
296 2186 425 2219 ziehen.
434 2185 581 2225 —inde]
594 2195 661 2218 von
675 2184 761 2224 dort,
772 2184 871 2216 namt.

188 2241 254 2264 von
280 2231 356 2264 dem
383 2230 515 2264 Punkte
541 2241 613 2271 aus,
639 2240 679 2262 an
707 2229 872 2262 welchem

187 2277 386 2319 angelangt‚
401 2278 450 2309 sie
465 2276 529 2309 den
541 2275 716 2309 Deciusim
733 2274 873 2307 Rucken

189 2322 312 2357 haben.
349 2322 516 2364 Ubrigens
549 2321 640 2354 kann
674 2320 732 2353 der
766 2329 873 2362 ganze

188 2367 350 2400 Gedanke
375 2368 502 2400 relicto
526 2370 606 2409 post
629 2377 690 2399 se.
729 2392 735 2399 .
761 2368 876 2398 ituros

188 2423 256 2445 von
298 2415 476 2445 iactarent
518 2412 690 2454 abhangig
730 2411 875 2453 gedacht

190 2457 343 2495 werden;
369 2459 403 2490 in
421 2458 549 2491 diesem
568 2457 660 2490 Falle
683 2458 772 2489 ware
792 2456 876 2488 inde

190 2503 357 2544 temporal
379 2503 445 2536 und
466 2503 582 2536 wtirde
601 2503 686 2535 nach
704 2502 779 2535 dem
798 2501 875 2535 Abl.

936 1276 1006 1308 abs.
1034 1275 1221 1317 gebraucht
1246 1275 1331 1316 sein,
1357 1274 1422 1307 wie
1447 1285 1476 1308 z.
1492 1274 1527 1308 Β.
1548 1278 1622 1307 tum

936 1321 980 1353 im
1008 1320 1142 1362 Ansang
1175 1320 1235 1353 des
1267 1320 1493 1359 Nachsatzes;
1528 1330 1554 1353 s.
1582 1331 1622 1353 zu

938 1368 968 1406 2,
987 1367 1017 1405 8,
1037 1368 1068 1399 3.
1098 1385 1136 1389 ——
1162 1364 1365 1408 magnifice]
1392 1375 1418 1399 s.
1445 1367 1475 1405 7,
1493 1366 1548 1407 30,
1567 1367 1598 1399 6.

985 1414 1036 1445 10.
1063 1412 1283 1453 Pupiniensi]
1310 1421 1336 1444 s.
1363 1421 1403 1443 zu
1431 1411 1484 1450 26,
1511 1412 1542 1451 9,
1563 1412 1621 1444 12:

938 1458 1147 1490 deam-orsus
1170 1456 1298 1489 Gabios
1315 1456 1515 1497 deseendit;
1538 1457 1623 1488 inde

936 1505 975 1534 in
990 1503 1180 1545 Pupiniam
1197 1503 1359 1534 eaeercita
1376 1502 1526 1534 demisso
1545 1505 1622 1534 octo

936 1548 1038 1581 milia
1073 1558 1245 1590 passuum
1281 1548 1324 1579 ab
1362 1546 1470 1579 Roma
1503 1549 1624 1590 posuit

938 1597 1066 1626 castra.
1099 1612 1143 1616 —
1176 1593 1224 1625 ad
1253 1591 1409 1633 famam]
1441 1593 1487 1626 ist
1520 1592 1624 1625 durch

938 1640 996 1672 das
1017 1639 1163 1681 Particip
1189 1649 1256 1671 von
1275 1639 1428 1670 hostium
1445 1641 1623 1680 getrennt;

939 1695 964 1718 s,
994 1687 1046 1726 10,
1064 1686 1152 1724 30‚t
1181 1695 1214 1717 u.
1231 1694 1258 1716 a.

987 1732 1038 1764 11.
1052 1733 1182 1762 metum
1195 1728 1359 1768 fecerant
1371 1729 1539 1771 emper-tis]
1556 1728 1624 1771 vgl.

940 1778 972 1817 7,
990 1777 1043 1816 24,
1071 1777 1128 1811 1οι
1155 1776 1209 1816 21,
1235 1776 1290 1815 47,
1317 1776 1348 1807 5.
1373 1793 1418 1798 —-
1443 1784 1549 1816 quam
1572 1777 1627 1806 in-

942 1824 1055 1853 cutam
1080 1845 1087 1853 .
1110 1823 1131 1862 .]
1164 1820 1261 1853 indes
1294 1819 1424 1852 damals
1456 1821 1529 1860 (zur
1553 1819 1627 1852 Zeit

942 1866 1001 1899 der
1018 1866 1204 1908 gallischen
1221 1865 1393 1906 Invasion)
1414 1875 1485 1898 war
1502 1864 1555 1898 fiir
1572 1864 1625 1897 die

942 1911 1187 1954 Verteidigung
1218 1911 1277 1944 der
1311 1910 1410 1943 Stadt
1442 1921 1481 1944 so
1514 1910 1627 1952 wenig

943 1961 1081 1998 gesorgt
1107 1957 1264 1997 worden,
1289 1955 1363 1988 dass
1389 1955 1473 1988 nach
1499 1955 1569 1989 Liv.
1595 1957 1626 1995 5,

944 2003 1050 2042 38,10
1066 2001 1119 2034 die
1133 2001 1258 2034 Gallier
1276 2001 1331 2034 bei
1346 1999 1480 2034 offenen
1490 1999 1626 2034 Thoren

942 2048 975 2079 in
1001 2047 1055 2079 die
1081 2046 1181 2079 Stadt
1204 2046 1422 2088 eindrangen.

992 2094 1043 2126 12.
1056 2092 1223 2132 Fabium]
1239 2101 1314 2123 man
1329 2091 1432 2124 sollte
1448 2095 1627 2131 erwarten,

942 2137 1018 2170 dass
1051 2138 1100 2170 sie
1133 2137 1204 2169 sich
1238 2146 1280 2169 an
1312 2136 1435 2170 Decius
1467 2134 1628 2178 gewandt

943 2183 1077 2221 hatten3
1094 2192 1120 2215 s.
1136 2182 1156 2225 ξ
1171 2184 1190 2216 6
1205 2182 1273 2215 und
1287 2184 1318 2215 9.
1330 2201 1369 2205 -
1382 2183 1414 2214 si
1427 2181 1515 2224 quid
1527 2182 1628 2214 lasca-

943 2230 1054 2261 menti
1071 2254 1079 2263 .
1095 2230 1116 2268 .]
1143 2238 1240 2260 wenn
1261 2237 1296 2260 er
1315 2227 1427 2270 einige
1444 2226 1630 2259 Erleichte-

943 2284 1026 2352 ἷιῗέιῗ
1036 2274 1166 2358 κὶὲδηὺηθεξ
1178 2273 1472 2358 's'.(i'0¹,¹‘3bv‚ed¹.¹¹z‘if
1484 2270 1629 2358 ἓξὲξ.

994 2366 1045 2398 13.
1074 2364 1284 2403 Mevaniam]
1303 2372 1355 2395 am
1376 2361 1496 2395 Flusse
1512 2361 1630 2402 Tinea,

946 2410 1032 2443 noch
1050 2409 1129 2442 weit
1139 2419 1206 2442 von
1218 2408 1276 2441 der
1286 2407 1478 2440 romischen
1489 2406 1629 2440 Grenze.

995 2457 1047 2488 14.
1073 2454 1313 2494 crediderant]
1339 2462 1366 2486 s.
1392 2463 1433 2485 zu
1458 2454 1489 2493 2,
1522 2453 1574 2494 18,
1599 2454 1630 2487 9.

946 2520 989 2525 -
1015 2501 1081 2533 alii
1105 2524 1136 2533 ..
1162 2499 1320 2542 quidam]
1346 2508 1372 2532 s.
1398 2508 1440 2532 zu
1464 2498 1519 2539 36,
1539 2499 1570 2531 2.
