1731 2796
157 86 209 124 22
649 84 776 119 LIBER
800 84 855 118 Vl.
904 83 998 119 GAP.
1025 86 1056 120 6.
1083 87 1115 119 7.

1402 102 1429 122 a.
1450 101 1479 122 u.
1501 102 1526 122 c.
1547 94 1608 122 368.

158 203 296 249 lectus,
319 201 459 241 adiecit
481 201 531 240 M.
551 200 714 240 Furium
737 200 810 241 sibi
833 212 906 252 pro
925 199 1114 239 dictatore
1130 211 1253 251 seque
1275 199 1310 238 ei
1327 212 1400 252 pro
1418 198 1604 251 magistro

88 267 124 300 17
155 260 336 311 equitum
353 259 553 307 futurum;
570 258 751 309 proinde,
771 264 886 309 quam
901 256 1132 308 opinionem
1144 256 1191 295 de
1209 256 1329 295 unico
1349 256 1603 308 imperatore,

156 329 242 355 eam
263 328 375 368 spem
398 315 444 355 de
466 315 571 355 bello
603 316 808 354 haberent.
850 326 891 354 se
913 326 1004 352 vero
1035 313 1138 352 bene
1159 325 1320 365 sperare
1342 319 1474 366 patres
1496 319 1535 353 et
1555 313 1602 352 de

84 382 121 414 18
153 373 259 413 bello
279 380 317 412 et
334 374 380 412 de
400 385 495 425 pace
519 372 782 423 universaque
799 370 1012 423 republica
1029 370 1150 410 erecti
1167 370 1309 422 gaudio
1322 371 1510 417 fremunt,
1528 382 1603 410 nec

151 431 343 470 dictatore
367 442 552 482 umquam
577 442 677 481 opus
699 430 784 467 sore
806 428 863 467 rei
885 427 1086 479 publicae,
1117 427 1149 467 si
1176 427 1263 467 talis
1281 427 1387 467 viros
1417 428 1457 467 in
1479 428 1601 479 magi-

149 494 275 528 stratu
297 487 451 533 habeat,
474 493 552 526 tam
576 485 842 525 concordibus
864 485 1020 524 iunctos
1051 484 1205 532 animis,
1227 497 1368 536 parere
1388 491 1506 536 atque
1529 485 1601 523 im-

148 557 289 597 perare
319 545 424 584 iuxta
459 549 615 596 paratos
648 543 884 594 laudemque
919 541 1164 581 conferentis
1195 542 1330 593 potius
1359 542 1399 581 in
1427 542 1601 581 medium

148 614 265 654 quam
290 614 336 640 ex
359 600 563 640 communi
586 600 630 639 ad
655 612 696 639 se
718 599 923 639 trahentis.

262 658 413 697 Iustitio
436 658 584 697 indicto
606 657 831 708 dilectuque
859 655 995 695 habito
1020 655 1163 694 Furius
1195 666 1239 693 ac
1261 654 1438 695 Valerius
1459 656 1506 695 ad
1530 655 1600 695 Sa-

146 716 287 756 tricum
311 715 502 767 profecti,
534 727 614 766 quo
636 727 716 753 non
741 713 972 753 Volscorum
1006 713 1123 751 modo
1155 712 1401 751 iuventutem
1422 712 1601 752 Antiates

146 786 192 812 ex
216 785 313 812 nova
336 772 473 812 subole
489 772 629 811 lectam
652 772 717 811 sed
741 771 945 823 ingentem
964 773 1043 809 vim
1062 769 1294 808 Latinorum
1312 769 1599 809 Hernicorum-

146 842 223 881 que
251 830 506 869 conciverant
532 842 578 868 ex
597 828 864 879 integerrimis
886 827 1036 866 diutina
1057 838 1154 878 pace
1173 826 1344 878 populis.
1376 826 1508 878 itaque
1525 839 1598 866 no-

95 895 113 928 2
144 900 213 927 vus
229 887 354 927 hostis
368 887 490 926 veteri
509 886 718 925 adiunctus
735 885 948 925 commovit
968 884 1120 923 animos
1135 883 1271 923 militis
1287 883 1470 923 Romani.
1493 885 1598 935 quod

143 944 211 984 ubi
242 944 364 983 aciem
407 944 482 983 iam
523 943 736 983 instruenti
768 941 928 982 Camillo
961 940 1219 980 centuriones
1254 940 1597 989 renuntiaverunt,

142 1001 318 1041 turbatas
340 1001 507 1040 militum
529 1007 683 1040 mentes
715 1013 819 1045 esse,
852 999 1028 1050 segniter
1059 1010 1165 1037 arma
1188 1003 1314 1049 capta,
1348 997 1597 1037 cunctabun-

143 1058 292 1110 dosque
325 1067 363 1097 et
394 1058 619 1097 restitantes
651 1069 831 1108 egressos
862 1055 1002 1096 castris
1031 1067 1136 1102 esse,
1170 1054 1265 1106 quin
1287 1066 1405 1094 voces
1437 1067 1597 1106 quoque

143 1116 293 1155 auditas
321 1110 429 1154 ‘cum
471 1115 652 1154 centenis
684 1114 863 1154 hostibus
893 1113 1072 1164 singulos
1103 1117 1372 1164 pugnaturos,
1412 1117 1451 1150 et
1479 1124 1595 1162 aegre

142 1172 334 1212 inermem
353 1179 499 1212 tantam
518 1171 831 1219 multitudinem,
855 1171 1001 1210 nedum
1021 1174 1209 1208 armatam
1233 1168 1422 1211 sustineri
1442 1165 1595 1221 posse',

142 1229 180 1268 in
206 1242 351 1281 equum
372 1230 491 1269 insilit
514 1236 553 1268 et
574 1235 665 1268 ante
687 1228 819 1280 signa,
845 1227 1034 1266 obversus
1058 1226 1098 1265 in
1121 1226 1266 1274 aciem,
1289 1225 1450 1265 ordines
1470 1225 1596 1265 inter-

142 1315 360 1359 kommend';
387 1330 413 1353 S.
433 1322 463 1359 9,
479 1322 533 1361 30,
550 1322 579 1352 ἵ.
605 1339 649 1343 -
670 1330 739 1362 pro
760 1319 833 1351 dic-

144 1370 259 1399 tatore
276 1391 283 1398 .
299 1391 306 1399 .
324 1377 391 1409 pro
416 1367 606 1407 magistro]
633 1365 727 1398 nicht
752 1364 835 1397 Pro-

143 1411 294 1444 diktator
313 1411 395 1444 oder
413 1422 454 1444 an
474 1410 583 1444 Stelle
610 1411 705 1444 eines
730 1409 833 1443 wirk-

143 1457 254 1491 lichen
269 1457 444 1490 Diktators
463 1456 545 1489 oder
560 1456 723 1499 Magister
738 1456 833 1499 equi-

142 1508 226 1545 tum,
251 1503 398 1536 sondern
425 1503 491 1535 wie
517 1502 538 1546 ξ
565 1504 602 1535 7:
628 1504 834 1534 submittere

142 1560 184 1582 zu
204 1549 367 1587 nehmen;
395 1558 421 1580 s.
439 1548 458 1591 ξ
475 1550 511 1586 8;
533 1548 587 1589 22,
602 1549 731 1588 31,11;
758 1547 832 1580 Cla-

143 1605 205 1628 5οῃ
232 1594 300 1628 RG.
330 1596 359 1635 1,
381 1595 434 1628 92.

191 1642 242 1673 17.
268 1642 364 1680 vero]
391 1640 463 1673 tritt
488 1639 670 1672 bisweilen
695 1649 736 1671 zu
754 1637 832 1671 dem

143 1685 495 1728 Personalpronomen
530 1684 652 1725 hinzu,
686 1694 744 1717 um
778 1683 832 1717 die

143 1731 373 1774 Geneigtheit,
398 1735 507 1764 etwas
526 1730 772 1770 anzunehmen,
790 1740 831 1763 zu

144 1777 369 1815 bezeichnem
403 1787 428 1809 s.
456 1776 619 1818 Nagelsb.
646 1776 666 1818 ξ
698 1777 773 1816 197,
801 1777 832 1809 2.

143 1841 188 1846 -
221 1825 304 1855 bene
335 1824 493 1864 sperare]
523 1816 652 1854 ‘Gntes
688 1815 832 1862 hoffen'‚

145 1868 210 1901 wie
230 1870 314 1900 bene
331 1870 476 1908 sentire,
499 1867 629 1899 Latine
644 1868 737 1899 scire
754 1877 786 1899 u.
801 1877 830 1899 a.

144 1933 187 1937 -
213 1914 255 1946 de
276 1924 366 1956 pace
393 1915 435 1953 ..]
470 1912 563 1945 dient
596 1923 659 1945 nur
692 1923 750 1945 zur
775 1912 831 1944 Er·

145 1959 346 2001 weiterung,
365 1958 404 1991 da
421 1968 458 1991 es
471 1958 644 1999 sichjetzt
657 1957 759 1990 allein
774 1967 831 1990 um

146 2005 210 2038 den
237 2004 339 2046 Krieg
364 2003 513 2036 handelt.

192 2052 244 2084 18.
263 2053 334 2082 tam
353 2049 589 2082 concordibus
602 2050 742 2080 iunctos
756 2050 833 2080 ani-

144 2098 222 2136 mis]
247 2096 291 2128 ist
311 2095 402 2128 wohl
420 2095 452 2127 in
472 2094 670 2136 Beziehung
694 2093 754 2127 aus
777 2093 830 2126 die

145 2141 393 2184 Burgerkriege
419 2150 457 2173 so
476 2139 769 2181 hervorgehoben.
788 2159 831 2162 —

144 2198 273 2230 parere
297 2190 403 2229 alque
422 2186 611 2228 imperare]
636 2195 662 2218 S.
685 2186 739 2225 21,
755 2187 787 2227 4,
801 2185 831 2218 3.

146 2253 188 2256 —
215 2232 433 2272 conferentis
451 2256 458 2264 .
480 2258 486 2264 .
506 2233 544 2263 in
562 2231 728 2271 medium]
755 2240 831 2263 zum

146 2278 351 2321 Gemeingut
367 2277 521 2318 machen,
547 2276 578 2310 d.
594 2276 626 2309 h.
645 2276 710 2309 alle
728 2275 831 2309 daran

146 2324 353 2357 teilnehmen
377 2324 502 2356 lassen.

192 2369 226 2403 7.
253 2372 282 2402 1.
309 2367 504 2412 Satricum]
536 2377 563 2400 s.
599 2369 652 2408 16,
675 2368 713 2407 6;
746 2366 831 2399 nach

149 2416 179 2455 2,
194 2416 281 2455 39,3
308 2425 375 2448 von
402 2414 466 2448 den
491 2412 659 2447 Volskern
685 2412 831 2453 erobert,

148 2459 234 2492 nach
260 2459 355 2493 Diod.
385 2462 436 2500 14,
457 2461 520 2493 102
547 2469 608 2492 vor
633 2458 708 2491 dem
734 2457 832 2501 galli-

147 2505 252 2538 schen
279 2504 399 2547 Kriege
425 2515 491 2538 von
519 2504 584 2537 den
603 2503 749 2537 Romern
775 2503 833 2536 ab·

149 2550 316 2593 gesallen‚
350 2551 393 2583 ist
427 2550 514 2584 noch
543 2551 588 2583 im
614 2549 749 2583 Besitze
775 2548 834 2582 der

903 1316 1065 1355 Volsker;
1092 1326 1118 1349 s.
1139 1318 1170 1357 8,
1185 1318 1220 1355 9;
1244 1315 1337 1349 also:
1352 1311 1457 1349 ‘nach
1477 1315 1510 1350 S.
1528 1311 1593 1350 zu'.

902 1382 946 1387 —
964 1373 1056 1396 nova
1072 1362 1205 1402 subole]
1233 1361 1328 1395 wohl
1345 1362 1379 1395 in
1397 1361 1514 1404 Bezug
1535 1362 1596 1395 auf

904 1411 1004 1450 2,13.
1030 1427 1074 1432 --
1098 1408 1173 1448 sed]
1199 1418 1225 1440 s.
1246 1409 1275 1449 1,
1292 1409 1390 1448 10,1.
1408 1426 1452 1432 -
1470 1418 1516 1440 eoe
1539 1409 1595 1440 in-

904 1455 1108 1496 teger-rimis
1123 1480 1129 1487 .
1146 1455 1165 1494 .]
1190 1452 1262 1486 Liv.
1281 1452 1388 1486 denkt
1402 1452 1496 1486 diese
1509 1452 1592 1486 Vol-

904 1499 965 1532 ker
980 1499 1074 1532 nicht
1092 1499 1284 1540 berechtigt
1298 1498 1401 1541 Krieg
1415 1509 1456 1531 zu
1471 1498 1594 1532 ffihren

896 1545 943 1584 (s.
972 1547 1003 1584 2,
1028 1546 1082 1586 53,
1099 1547 1135 1583 1;
1162 1546 1194 1585 3,
1209 1545 1240 1585 6,
1257 1546 1289 1585 7)
1317 1544 1384 1577 und
1409 1544 1443 1577 in
1470 1547 1593 1577 stetem

903 1590 1045 1624 Frieden
1073 1590 1196 1623 lebend
1222 1589 1306 1632 (vgl,
1332 1591 1386 1631 33,
1405 1590 1440 1628 2;
1467 1590 1523 1630 42,
1540 1592 1594 1632 11,

904 1638 948 1678 6),
975 1635 1137 1669 wahrend
1156 1636 1206 1668 sie
1225 1635 1319 1668 nicht
1337 1635 1440 1668 allein
1459 1636 1491 1668 in
1511 1634 1594 1668 Ver-

902 1681 1056 1724 bindung
1090 1681 1151 1714 mit
1176 1680 1279 1723 Rom,
1317 1680 1464 1714 sondern
1500 1681 1593 1714 wohl

903 1727 991 1769 auch
1022 1727 1072 1760 oft
1103 1727 1207 1760 allein
1240 1727 1303 1759 mit
1327 1726 1496 1760 Volskern
1523 1726 1592 1760 und

903 1773 1040 1817 Aquern
1066 1772 1245 1816 gek'ampft
1263 1772 1385 1805 haben.
1411 1791 1454 1797 -—
1480 1783 1593 1805 novus

904 1845 911 1852 .
926 1843 934 1851 .
953 1819 1158 1859 adiunctus]
1185 1828 1212 1851 s.
1231 1819 1261 1859 2,
1276 1820 1312 1857 93
1331 1828 1374 1850 zu
1390 1828 1504 1850 novus
1520 1818 1592 1860 vgl.

950 1910 980 1942 2.
1007 1909 1114 1952 quod]
1150 1908 1234 1941 wird
1265 1906 1370 1941 durch
1396 1906 1462 1939 den
1488 1906 1592 1940 nach-

902 1955 1089 1997 solgenden
1121 1954 1200 1987 Ace.
1237 1964 1265 1986 c.
1297 1952 1357 1985 inf.
1383 1952 1528 1991 erklfirt;
1562 1962 1589 1986 s.

903 2002 957 2041 24,
979 2002 1032 2041 15,
1055 2003 1085 2034 5.
1111 2001 1165 2040 37,
1189 2001 1226 2039 53
1254 2000 1308 2040 28,
1328 1999 1409 2039 3,8;
1436 1997 1590 2040 dagegen

902 2047 947 2079 ist
974 2047 1004 2087 8,
1024 2047 1042 2079 2
1069 2045 1166 2088 quod
1189 2055 1251 2078 nur
1276 2043 1498 2087 ankniipsend
1524 2043 1591 2077 wie

902 2093 935 2124 in
969 2091 1065 2134 quod
1096 2093 1127 2123 si
1161 2101 1193 2124 u.
1219 2100 1248 2123 a.
1275 2109 1319 2113 —
1344 2089 1590 2129 restitantes-ss

903 2137 969 2170 wie
996 2139 1026 2177 7,
1045 2137 1173 2175 39,14;
1195 2138 1247 2177 10,
1264 2137 1317 2177 19,
1331 2137 1368 2174 5;
1394 2134 1516 2168 anders
1533 2133 1592 2167 da-

903 2193 1012 2226 gegen
1040 2183 1071 2223 3,
1094 2183 1149 2222 61,
1172 2183 1207 2215 S:
1234 2183 1452 2214 cunctantur
1474 2181 1591 2222 magis

903 2239 1010 2271 quam
1033 2229 1216 2260 resistunt.
1242 2247 1285 2251 —
1312 2237 1382 2259 esse
1401 2251 1409 2259 .
1424 2251 1432 2259 .
1453 2227 1536 2266 esse]
1562 2235 1589 2260 S.

927 2301 978 2352 ⁷3.
1012 2319 1139 2360 insilit]
1174 2317 1243 2361 vgl.
1277 2319 1332 2360 24,
1354 2319 1385 2352 5.
1410 2336 1454 2340 -
1486 2319 1522 2348 et
1546 2318 1589 2357 ..]

903 2365 962 2398 das
981 2363 1129 2397 Verbum
1156 2363 1290 2397 dicendi
1317 2364 1362 2396 ist
1385 2362 1431 2395 im
1457 2361 1590 2404 folgen-

903 2411 967 2444 den
994 2420 1035 2442 zu
1070 2411 1254 2452 erganzem
1286 2419 1312 2442 s.
1337 2418 1378 2441 zu
1404 2409 1436 2449 3,
1461 2409 1514 2448 11,
1536 2408 1588 2442 12.

903 2476 945 2481 --
964 2459 1047 2489 ante
1063 2457 1168 2498 signa
1187 2482 1194 2489 .
1210 2457 1231 2497 .]
1257 2454 1312 2488 die
1328 2452 1504 2487 vielleicht
1520 2462 1589 2486 von

904 2501 1067 2535 Camillus
1085 2500 1301 2544 eingeffihrte
1318 2497 1590 2543 Manipularstel-

904 2547 987 2590 lung
1021 2546 1106 2580 wird
1138 2547 1210 2580 hier
1242 2547 1518 2588 vorausgesetzt;
1553 2553 1589 2577 er
