1779 2828
121 75 149 97 a.
170 67 236 95 Chr.
258 75 289 94 n.
308 67 369 95 385.

119 173 246 225 patiar
276 185 298 211 a
326 178 366 212 te
397 171 690 211 multitudinem
720 171 846 211 fallaci
875 184 945 224 spe
979 166 1194 212 concitari.³

641 55 767 89 LIBER
793 56 845 91 VT.
896 56 989 90 CAP.
1018 60 1070 92 15,

1514 56 1567 95 39

120 243 195 270 nec
213 242 255 270 se
271 229 455 269 fefellisse
471 229 536 276 ait,
559 242 642 268 non
659 229 846 269 adversus
862 229 1036 276 Volscos,
1059 230 1205 269 totiens
1222 231 1356 279 hostis,
1383 231 1568 282 quotiens

120 287 297 340 patribus
317 287 510 339 expediat,
533 298 608 326 nec
631 286 817 326 adversus
837 286 1000 326 Latinos
1021 286 1310 339 Hernicosque,
1343 301 1442 339 quos
1464 288 1569 328 falsis

119 343 355 385 criminibus
375 344 414 384 in
442 356 550 383 arma
571 349 709 395 agant,
740 343 807 383 sed
829 344 1014 384 adversus
1035 357 1077 384 se
1099 357 1144 383 ac
1174 344 1329 396 plebem
1350 345 1567 384 Romanam

119 401 348 442 dictatorem
371 408 546 441 creatum
569 414 674 450 esse;
707 401 782 440 iam
814 401 958 441 omisso
981 401 1100 446 bello,
1133 402 1238 453 quod
1260 402 1484 441 simulatum
1507 404 1568 449 sit,
1600 411 1618 441 S

118 458 157 498 in
181 471 222 499 se
243 459 433 512 impetum
449 459 547 506 fieri,
570 458 643 498 iam
662 458 893 498 dictatorem
910 458 1088 511 profiteri
1108 458 1372 511 patrocinium
1392 460 1569 498 faenera-

117 522 250 556 torum
283 516 470 557 adversus
491 516 659 568 plebem,
691 515 768 555 iam
788 516 861 555 sibi
885 528 932 555 ex
953 517 1085 556 favore
1121 516 1386 555 multitudinis
1418 517 1567 556 crimen

118 579 159 613 et
187 574 406 626 perniciem
438 574 588 626 quaeri.

118 636 252 684 patres
273 631 504 683 conscripti,
537 632 774 670 circumfusa
796 631 912 670 turba
933 631 1046 671 lateri
1069 629 1188 670 meo?
1212 631 1307 682 quin
1341 643 1424 670 eam
1457 631 1569 670 didu-

118 689 208 729 citis
228 701 249 727 a
271 702 334 728 me
355 689 500 740 singuli
520 688 661 729 vestris
691 688 908 735 beneficiis,
951 688 1248 736 intercedendo,
1281 688 1488 727 eximendo
1522 689 1569 727 de

121 758 243 786 nervo
275 746 378 786 cives
409 752 575 794 vestros,
606 745 857 798 prohibendo
890 746 1081 786 iudicatos
1112 745 1367 797 addictosque
1389 745 1490 793 duci,
1524 759 1571 785 ex

95 827 98 830 ·
122 816 181 851 eo,
205 803 311 855 quod
333 803 443 843 afluit
473 803 616 856 opibus
636 803 789 852 vestris,
821 803 1055 843 sustinendo
1088 803 1343 843 necessitates
1374 801 1570 842 aliorum?

118 861 188 901 sed
211 861 303 913 quid
325 874 398 913 ego
423 874 502 908 vos,
534 860 581 900 de
603 868 732 900 vestro
754 861 994 913 inpendatis,
1017 859 1185 900 hortor?
1211 867 1356 900 sortem
1380 860 1571 911 reliquam
1604 866 1641 899 10

120 919 242 967 ferte3
265 918 313 958 de
333 918 462 970 capite
478 918 673 963 deducite,
697 919 802 970 quod
818 919 950 958 usuris
968 924 1293 971 pernumeratum
1312 923 1387 966 est3
1411 918 1485 956 iam
1510 917 1571 956 ni-

120 975 200 1015 hilo
230 988 316 1015 mea
337 975 454 1015 turba
486 988 603 1027 quarn
636 975 753 1015 ullius
774 976 1028 1028 conspectior
1053 975 1138 1015 erit.

1200 981 1238 1014 at
1260 975 1364 1014 enim
1389 975 1480 1026 quid
1520 975 1571 1013 ita

119 1033 229 1073 solus
260 1046 332 1085 ego
365 1033 508 1072 civium
539 1045 674 1072 curam
707 1032 812 1085 ago?
845 1033 966 1072 nihilo
998 1033 1133 1084 magis,
1166 1032 1271 1084 quod
1295 1032 1569 1084 respondeam,

119 1089 260 1137 habeo,
300 1103 419 1154 quam
461 1091 493 1130 si
525 1065 838 1142 quae1as‚⁶quid
869 1091 921 1130 ita
953 1062 1084 1131 solust>
1094 1089 1328 1142 Capitolium
1359 1101 1570 1140 arcemque

119 1160 367 1188 servaverlm.

429 1154 467 1187 et
495 1154 578 1187 tum
608 1148 815 1195 universis,
849 1160 965 1200 quam
997 1147 1121 1200 potui,
1155 1159 1270 1199 opem
1299 1147 1371 1186 tuli
1402 1153 1440 1185 et
1462 1159 1572 1185 nunc

118 1205 287 1257 singulis
308 1206 444 1245 feram.
486 1217 576 1244 nam
600 1206 705 1257 quod
728 1205 775 1245 ad
796 1205 1034 1246 thensauros
1049 1205 1218 1244 Gallicos
1235 1204 1386 1251 attinet,
1403 1216 1485 1243 rem
1505 1216 1571 1243 su-

165 1298 196 1330 7.
222 1306 288 1328 nee
311 1306 348 1328 se
367 1320 374 1328 .
393 1297 414 1336 .]
440 1295 525 1328 auch
551 1294 621 1328 ihm
647 1295 696 1328 sei
715 1295 810 1328 nicht

119 1346 327 1385 entgangen‚
352 1351 425 1374 was
450 1340 506 1374 die
524 1339 712 1374 Senatoren
740 1340 809 1374 und

118 1387 180 1420 der
203 1386 362 1420 Diktator
387 1388 553 1426 wfil‘sten3
581 1397 608 1421 5.
630 1388 684 1428 21,
705 1387 758 1428 22,
780 1388 808 1421 1.

119 1452 163 1457 —-
176 1431 358 1474 fefellisse]
377 1443 403 1466 S.
421 1443 462 1466 zu
478 1434 509 1474 5,
526 1433 557 1473 2,
571 1434 602 1466 3.
619 1451 660 1456 -
681 1435 810 1464 totiens

118 1480 243 1520 hostis]
269 1489 296 1512 s.
317 1481 348 1519 1,
366 1480 421 1520 39,
439 1479 477 1518 3;
503 1488 562 1511 zur
588 1477 698 1511 Saehe
724 1487 750 1511 S.
778 1479 808 1516 3.

123 1527 176 1566 10,
194 1526 226 1559 8.
244 1543 287 1548 -
312 1523 416 1564 Γαίεἰε
442 1525 666 1564 criminibus]
693 1523 733 1556 da
760 1524 810 1557 sie

121 1570 217 1604 nicht
246 1570 390 1613 publico
425 1569 576 1603 consilio
615 1569 812 1612 abgefallen

123 1626 248 1649 waren.

169 1663 200 1696 8.
218 1663 304 1702 iam]
322 1670 360 1694 so
378 1661 462 1694 weit
477 1661 523 1694 ist
539 1671 577 1694 es
594 1660 812 1704 gekommen,

122 1706 196 1740 dass
229 1706 358 1740 bereits
384 1733 414 1739 ..
449 1726 492 1730 -
527 1705 813 1751 faeneratorum]

121 1763 152 1796 s,
168 1752 189 1796 ξ
210 1755 246 1791 5;
275 1754 328 1794 14,
343 1754 378 1791 3;
406 1752 486 1785 weil
505 1752 563 1785 der
579 1751 736 1785 Diktator
754 1752 814 1785 das

122 1809 190 1832 von
215 1797 364 1831 Manlius
391 1798 682 1841 vorgeschlagene
699 1797 812 1831 Mittel

97 1843 183 1878 'der
218 1842 531 1886 Schuldentilgung
566 1843 811 1877 zuruckweist.

124 1909 164 1914 —
183 1891 253 1923 sibi
274 1916 281 1925 .
296 1891 318 1930 .]
337 1899 363 1923 5.
382 1891 414 1931 4,
426 1891 480 1931 44,
494 1891 525 1924 9.
543 1909 585 1913 —
599 1891 811 1933 perniciem]

125 1935 366 1978 Verurteilung
403 1935 470 1968 und
503 1934 726 1979 Hinrichtung
759 1936 809 1969 als

122 1980 381 2015 Hochverrater.

170 2028 201 2061 9.
227 2027 380 2069 offendit
395 2051 403 2060 .
419 2028 439 2068 .]
458 2030 541 2060 statt
559 2027 653 2060 eines
671 2027 813 2069 beding-

124 2076 182 2106 ten
208 2071 346 2112 Satzes3
373 2082 399 2106 5.
423 2074 522 2115 8,13‚
544 2074 595 2107 15.
620 2092 666 2096 ——
692 2073 812 2114 lateri]

123 2128 150 2152 s.
187 2120 239 2160 10,
265 2120 296 2152 8.
330 2138 372 2142 -
403 2119 666 2160 intercedendo]
707 2118 812 2151 durch

122 2163 329 2207 Bfirgschast
338 2164 460 2198 leisten
470 2178 478 2203 3
489 2165 677 2197 eoeimemlo
688 2178 695 2197 :
707 2164 813 2197 durch

122 2209 278 2253 Zahlung
311 2209 371 2243 der
395 2209 569 2244 Schulden
603 2210 656 2243 fur
685 2210 812 2243 bereits

123 2254 342 2294 Verhaftete;
366 2256 588 2299 prohibendo
616 2283 623 2289 .
640 2270 665 2289 .:
698 2255 812 2289 indem

123 2301 194 2342 sie,
231 2301 295 2334 ehe
327 2301 505 2335 dieselben
542 2302 575 2335 in
611 2301 814 2335 Sehuldhast

123 2346 309 2390 abgeffihrt
322 2347 471 2388 werden,
490 2347 543 2380 fur
559 2348 609 2381 sie
624 2347 678 2381 die
693 2347 812 2381 Schul-

124 2391 190 2425 den
223 2392 362 2432 zahlen;
397 2393 533 2426 sowohl
564 2393 624 2426 das
656 2395 813 2426 eoeimere

124 2437 177 2471 als
202 2437 262 2472 das
284 2439 475 2481 prohibere
500 2438 653 2472 konnten
680 2439 729 2472 sie
755 2439 813 2471 be-

127 2483 270 2526 wirken,
296 2494 397 2517 wenn
423 2485 473 2518 sie
496 2484 546 2518 als
563 2484 723 2517 vindices
740 2483 814 2516 auf-

126 2532 254 2568 traten3
273 2539 299 2563 S.
315 2531 369 2571 14,
383 2531 415 2565 5.
429 2549 475 2554 -
487 2541 527 2563 eo
544 2530 641 2573 quod
656 2531 762 2570 afluit
776 2531 812 2569 ..]

880 1295 940 1338 mit
966 1294 1043 1328 dem
1071 1305 1143 1328 was
1168 1304 1282 1327 eurem
1300 1293 1481 1327 Reichtum
1508 1293 1571 1333 (als

879 1332 1074 1383 Ubermass)
1111 1340 1295 1381 abstromt,
1345 1349 1412 1372 von
1457 1349 1570 1372 eurem

879 1384 1065 1420 Uberfluss’
1087 1385 1233 1419 andere'
1225 1396 1259 1419 1n
1273 1365 1364 1418 ihrer
1378 1385 1446 1418 Not
1459 1390 1573 1418 unter-

881 1435 1005 1471 stfitzt;
1032 1432 1101 1475 xgl.
1129 1433 1184 1472 39,
1198 1433 1229 1470 9,
1245 1434 1282 1469 6;
1310 1442 1349 1464 zu
1377 1432 1407 1471 3,
1424 1432 1510 1471 26,““

929 1481 980 1513 10.
998 1481 1131 1511 sortem
1160 1478 1338 1520 reliquam
1361 1472 1495 1517 ferte]‘
1503 1486 1572 1509 em-

880 1523 1022 1578 psanget
1047 1523 1107 1556 das
1133 1523 1221 1556 noch
1243 1522 1487 1565 rfickstandige
1506 1522 1572 1555 Ka-

883 1564 990 1612 pital'
1015 1569 1101 1611 (seid
1126 1568 1300 1602 zufrieden
1331 1568 1467 1609 damit);
1501 1568 1570 1610 vgl.

883 1617 937 1656 35,
963 1617 993 1648 4.
1028 1634 1071 1638 —
1105 1614 1147 1646 de
1180 1616 1296 1657 capzte
1326 1614 1489 1646 deducite
1514 1638 1522 1646 .
1526 1593 1569 1654 ⁰]

882 1661 995 1694 ziehet
1019 1670 1086 1693 von
1111 1659 1187 1693 dem
1207 1659 1490 1702 Stammkapitale
1516 1658 1570 1692 die

884 1706 1022 1740 Summe
1037 1705 1096 1739 der
1108 1706 1234 1738 bereits
1252 1705 1432 1748 gezahlten
1447 1705 1570 1738 Zinsen

883 1752 940 1786 ab.
959 1751 1041 1785 Dem
1052 1751 1274 1794 Vorschlage,
1289 1750 1440 1784 welcher
1455 1751 1571 1794 spater

884 1798 1085 1841 ausgeffihrt
1105 1797 1190 1830 wird
1208 1798 1247 1838 (5.
1268 1798 1322 1838 35,
1336 1799 1382 1838 4),
1406 1796 1491 1839 liegt
1516 1796 1570 1829 die

881 1844 1026 1877 Ansicht
1043 1854 1084 1876 zu
1104 1842 1251 1883 Grunde,
1270 1842 1344 1875 dass
1362 1843 1394 1875 in
1415 1841 1480 1875 den
1496 1841 1572 1874 Zin-

882 1900 942 1923 sen
970 1889 1023 1923 ein
1050 1887 1125 1922 Teil
1156 1888 1216 1921 des
1241 1888 1395 1931 Kapitals
1428 1887 1572 1921 zurtick-

882 1935 1020 1979 gezahlt
1042 1934 1167 1975 werde,
1193 1954 1236 1958 —
1261 1934 1384 1974 ullius]
1411 1934 1571 1966 substan-

883 1981 1026 2021 tivisch;
1052 1990 1078 2013 5.
1098 1981 1129 2022 3,
1148 1981 1202 2021 64,
1222 1982 1256 2018 5;
1285 1981 1339 2022 21,
1358 1982 1389 2020 5,
1412 1981 1452 2013 12
1471 1990 1503 2013 u.
1524 1990 1569 2017 a.;

883 2028 1010 2061 eberiso
1038 2028 1247 2068 cuiusquam
1267 2028 1297 2064 4,
1315 2028 1367 2066 11,
1383 2028 1400 2058 7
1420 2036 1451 2060 u.
1472 2035 1500 2059 a.
1527 2043 1570 2048 -

884 2072 1118 2115 conspectior]
1144 2072 1213 2114 vgl.
1240 2073 1271 2109 2,
1287 2074 1318 2109 5.
1336 2074 1366 2105 5.

931 2121 984 2153 11.
1009 2121 1047 2151 al
1072 2119 1180 2158 enim]
1207 2128 1232 2150 5.
1260 2120 1290 2158 5,
1306 2119 1359 2158 53,
1378 2118 1405 2149 1.
1423 2135 1467 2141 -
1485 2116 1572 2158 quid

884 2167 948 2205 ita]
968 2165 1011 2197 ist
1029 2164 1102 2197 hier
1119 2164 1180 2196 mit
1196 2163 1292 2196 solus
1313 2173 1352 2195 zu
1372 2161 1569 2201 verbinden,

883 2220 976 2244 zwar
1001 2210 1087 2243 auch
1112 2208 1359 2242 demonstrativ
1384 2206 1499 2247 (naml.
1518 2208 1570 2238 ita

883 2260 924 2289 ut
959 2266 1023 2298 ego
1066 2255 1178 2296 facio)
1214 2254 1283 2287 und
1324 2251 1569 2294 missbilligend

884 2301 972 2335 nach
997 2301 1056 2334 der
1072 2300 1216 2334 Ansicht
1242 2299 1302 2331 der
1319 2298 1464 2340 Gegner,
1490 2297 1570 2330 aber

885 2347 972 2381 doch
1007 2350 1117 2379 etwas
1151 2323 1388 2377 verschieden⁰
1400 2353 1467 2376 von
1492 2342 1570 2376 dem

884 2392 972 2426 blois
975 2402 1016 2425 en
1043 2391 1131 2433 quid
1153 2392 1223 2428 ιῗια;
1254 2399 1280 2422 5.
1307 2390 1476 2429 3,40,10.

932 2439 983 2471 12.
1001 2448 1083 2469 nam
1098 2461 1106 2468 .
1123 2438 1143 2476 .]
1162 2446 1200 2468 so
1219 2435 1333 2478 wenig
1349 2435 1404 2467 ich
1422 2434 1476 2467 die
1493 2444 1571 2467 vor-

883 2481 1099 2525 hergehende
1125 2481 1231 2524 Frage
1263 2480 1352 2523 quid
1378 2482 1429 2513 ita
1457 2505 1487 2515 ..
1513 2480 1571 2513 be-

885 2531 1076 2561 antworten
1095 2526 1196 2569 kann,
1223 2526 1309 2559 eben
1328 2536 1365 2559 so
1384 2526 1498 2569 wenig
1516 2525 1571 2559 die

1251 173 1297 212 ad
1329 186 1373 213 ea
1403 173 1572 214 Manlius

1603 183 1621 193 ρ

645 568 844 613 ‘offendit'
874 573 1006 625 inquit
1031 568 1100 621 ‘te,
1123 575 1167 612 A.
1200 573 1371 620 Corneli,
1409 586 1568 625 vosque,
1599 582 1617 614 9

1602 982 1638 1014 11

1603 1211 1640 1243 12
