1731 2796
76 356 111 388 12
142 351 286 389 sactum
321 361 405 389 esse
439 349 598 389 bellum.

149 59 199 97 26
602 58 728 92 LIBER
754 59 847 94 Vllll.
886 59 980 95 CAP.
1010 62 1062 96 11.
1092 61 1144 94 12.

144 177 310 217 stumius
343 176 460 215 modo
492 176 662 228 legatum
696 176 863 216 fetialem
903 188 1008 228 genu
1042 176 1224 229 perculit.

1400 79 1426 100 a.
1447 78 1477 100 u.
1498 75 1525 99 0.
1541 71 1602 100 434.

1284 176 1335 216 ita
1367 175 1406 216 di
1437 177 1604 218 credent

145 234 361 274 Samnitem
395 234 518 273 civem
552 234 820 281 Postumium,
862 247 941 273 non
984 235 1106 273 civem
1139 234 1363 274 Romanum
1395 246 1480 275 esse
1512 240 1551 275 et
1581 248 1602 275 a

145 292 320 332 Samnite
352 291 526 344 legatum
558 291 783 331 Romanum
815 291 1019 331 violatum:
1055 305 1102 331 eo
1133 291 1245 332 vobis
1275 292 1424 332 iustum
1454 291 1494 332 in
1528 305 1602 333 nos

662 350 756 389 haec
788 349 955 389 ludibria
996 349 1233 402 religionum
1266 362 1346 389 non
1379 349 1530 401 pudere
1561 350 1600 390 in

143 408 269 447 lucem
303 408 482 458 pioserre
515 413 552 446 et
582 407 643 446 vix
676 407 811 459 pueris
842 407 980 458 dignas
1021 408 1205 459 ambages
1233 419 1350 447 senes
1379 419 1423 446 ac
1453 419 1602 448 consu-

76 472 111 505 13
143 465 243 505 lares
266 464 459 504 fallendae
483 464 573 504 fidei
596 464 826 516 exquirere!
869 465 901 511 i,
935 464 1071 510 lictor,
1104 465 1218 504 deme
1239 464 1368 504 vincla
1390 463 1600 513 Romanis3

144 528 318 562 meiatus
341 522 389 561 sit
412 534 550 568 neme,
585 535 663 573 quo
687 522 840 568 minus,
870 522 937 561 ubi
960 522 1085 562 visum
1110 522 1250 571 suerit,
1273 514 1440 561 abeant.³

1487 528 1524 562 et
1546 522 1601 562 illi

143 580 325 632 quidem,
357 579 520 619 lorsilan
546 586 583 618 et
606 578 785 631 publica,
812 592 881 619 sua
904 586 1011 619 celle
1033 579 1197 619 liberata
1220 579 1295 619 fide
1316 579 1364 619 ab
1389 579 1536 620 Caudio
1559 581 1598 620 in

77 640 125 678 12
144 644 268 677 castra
294 637 470 676 Romana
493 637 666 676 inviolati
691 637 908 676 redierunt.
951 636 1195 676 Samnitibus
1216 649 1289 689 pro
1312 636 1482 689 superba
1505 649 1602 690 pace

143 694 440 734 infestissimum
464 694 724 734 cernentibus
746 700 928 734 renatum
959 694 1104 733 bellum
1138 695 1293 741 omnia,
1325 706 1427 746 quae
1458 694 1601 735 deinde

92 760 110 792 2
141 758 372 798 evenerunt,
396 764 477 790 non
503 752 540 790 iu
566 752 707 791 animis
724 751 853 791 solum
877 751 944 791 sed
967 763 1094 803 prope
1116 751 1155 790 in
1181 751 1306 791 oculis
1328 763 1427 799 esse,
1450 758 1489 791 et
1511 764 1600 792 sero

143 822 186 849 ac
210 809 451 860 nequiquam
480 808 638 848 laudare
669 810 776 849 senis
799 809 915 848 Ponti
948 814 1115 860 utraque
1147 809 1332 855 consilia,
1365 809 1469 848 inter
1500 821 1601 861 quae

141 880 182 907 se
206 867 331 906 media
355 867 486 918 lapsos
508 869 570 906 via
593 867 779 906 victoriae
803 867 1093 918 possessionem
1117 878 1214 918 pace
1245 866 1396 906 incerta
1428 873 1601 907 mutasse

143 932 179 964 et
211 923 394 963 beneficii
428 931 464 963 et
497 924 677 963 maleficii
711 924 922 964 occasione
954 924 1094 964 amissa
1125 929 1377 976 pugnaturos
1408 935 1499 964 cum
1530 924 1600 972 eis,

143 996 243 1034 quos
264 982 467 1034 potuerint
501 982 538 1020 in
574 988 813 1034 perpetuum
836 981 897 1021 vel
928 981 1110 1021 inimicos
1132 981 1271 1021 tollere
1293 981 1354 1021 vel
1374 981 1522 1022 amicos
1543 982 1600 1022 sa-

92 1048 102 1079 ῖζ
141 1053 242 1080 cere.
285 1039 463 1090 adeoque
489 1039 693 1078 nullodum
719 1039 935 1079 certamine
958 1039 1086 1079 libatis
1106 1039 1257 1079 viribus
1278 1045 1368 1091 post
1384 1038 1601 1079 Caudinam

143 1110 279 1149 pacem
313 1097 432 1136 animi
465 1103 734 1142 mutaverant,
768 1103 809 1136 ut
843 1096 1050 1136 clariorem
1085 1097 1189 1136 inter
1221 1097 1422 1137 Romanos
1452 1096 1599 1136 deditio

142 1155 387 1194 Postumium
412 1166 528 1205 quam
554 1154 737 1193 Pontium
763 1155 972 1193 incruenta
1003 1154 1166 1194 victoria
1198 1155 1303 1194 inter
1324 1154 1521 1194 Samnites
1543 1154 1600 1194 sa-

141 1219 247 1251 ceret
271 1219 307 1251 et
330 1212 413 1263 geri
437 1224 552 1262 posse
587 1211 730 1250 bellum
754 1212 922 1251 Romani
956 1224 1028 1264 pro
1061 1212 1221 1251 victoria
1254 1217 1361 1251 certa
1393 1211 1600 1261 haberent,

142 1269 341 1309 Samnites
362 1269 477 1307 simul
501 1269 711 1308 rebellasse
735 1276 773 1308 et
795 1269 932 1309 vicisse
954 1268 1166 1308 crederent
1187 1270 1426 1309 Romanum.

190 1383 239 1415 12.
275 1381 444 1422 ludibria]
472 1382 640 1424 passende
666 1381 829 1415 Bezeich-

141 1437 232 1471 nung
250 1427 309 1461 des
329 1427 534 1460 Verfahrens
556 1427 615 1460 der
632 1426 765 1461 Romer.
787 1446 829 1451 ——

140 1485 210 1506 nou
241 1474 376 1516 pudere
408 1475 478 1514 ..!]
513 1473 641 1507 Ausrus
669 1473 729 1507 des
764 1472 830 1506 Un—

141 1519 292 1557 willens;
321 1519 388 1562 vgl.
409 1522 439 1561 3,
459 1520 512 1561 5⁴3,
532 1521 561 1552 2.
586 1521 640 1562 67,
661 1522 695 1559 1;
725 1521 756 1561 4,
775 1521 829 1560 44,

140 1568 177 1601 4:
205 1568 268 1607 39,
293 1567 354 1605 43,
382 1568 419 1603 4;
454 1564 529 1599 Ter.
559 1565 693 1599 Phorm.
724 1567 829 1599 1042:

140 1612 194 1644 m'l
215 1612 371 1655 pudet-e!
413 1611 475 1644 Ad.
501 1613 582 1645 562:
618 1622 690 1644 non
713 1612 830 1654 pudu-

141 1660 207 1690 isse
232 1660 420 1690 verberare
438 1659 613 1690 hominem
630 1662 769 1690 senem!
789 1677 833 1682 —

141 1705 306 1746 ambages
341 1729 378 1737 ..
412 1703 594 1741 fallendae
627 1704 724 1745 fidet]
753 1703 833 1736 [m-

140 1750 316 1789 schweise,
336 1750 546 1790 Ausssuchte,
573 1749 677 1783 durch
701 1749 832 1783 welche

140 1795 193 1828 die
213 1795 392 1838 Ersfiuung
411 1795 471 1828 des
487 1795 742 1838 Versprechens
761 1805 833 1828 um-

140 1851 273 1884 gangen
295 1842 431 1874 werden
448 1841 529 1880 soll;
548 1840 731 1880 fallendae
748 1842 834 1882 fidei

142 1888 204 1923 ist,
237 1888 303 1920 wie
329 1888 435 1920 sehon
463 1887 518 1920 die
545 1886 705 1929 Stellung
730 1888 831 1930 zeigt,

142 1932 241 1965 Dativ
267 1932 326 1966 des
352 1932 537 1974 Zweckes,
572 1943 612 1966 zu
641 1935 833 1975 eoeque‘rere

142 1978 325 2020 gehorend.
335 1997 375 2002 ——
387 1988 428 2010 ac
442 1978 659 2018 consulares]
671 1988 696 2011 5.
708 1989 749 2011 zu
761 1981 792 2020 4,
801 1981 832 2013 3.

190 2025 241 2057 13.
269 2027 429 2056 moratus
445 2026 492 2056 sit
515 2026 629 2065 nemo]
656 2033 681 2056 s.
701 2034 740 2057 zu
761 2026 792 2064 9,
811 2027 830 2058 9

141 2070 209 2102 und
237 2071 266 2111 2,
296 2071 347 2109 12,
372 2072 423 2103 11.
464 2069 529 2103 Der
556 2069 654 2110 Konj.
675 2069 760 2103 Pers.
787 2070 832 2103 ist

142 2116 214 2149 hier
247 2115 297 2148 als
323 2115 520 2149 Ausnahme
555 2126 594 2148 zu
631 2115 830 2149 betrachten

139 2164 195 2200 (st.
220 2163 406 2201 miretur);
440 2162 510 2204 vgl.
542 2161 608 2194 Cic.
640 2161 681 2194 de
706 2160 772 2204 leg.
800 2162 831 2203 2,

140 2209 200 2241 19:
226 2210 421 2250 separatim
443 2218 546 2240 nemo
565 2209 719 2240 habessit
737 2207 829 2240 deos.

140 2273 182 2277 -
210 2256 242 2285 el
268 2254 323 2285 illi
348 2254 501 2296 quidem]
528 2264 554 2287 S.
574 2264 614 2286 zu
639 2254 669 2294 2,
688 2254 718 2293 2,
739 2255 769 2287 9.
789 2272 832 2276 —

140 2298 297 2339 forsitan
315 2301 361 2342 et]
381 2309 407 2332 5.
427 2299 528 2343 Verg.
547 2299 584 2332 G.
605 2302 636 2340 4,
655 2301 738 2333 118:
758 2298 832 2336 for·-

141 2347 236 2378 sz'tan
262 2348 294 2378 el
320 2356 498 2382 canerem:
532 2345 618 2378 nach
645 2344 721 2378 dem
748 2343 833 2378 Vor-

143 2391 381 2434 hergehenden
421 2392 522 2425 sollte
554 2401 630 2424 man
665 2391 740 2424 eine
773 2390 832 2423 be-

141 2437 329 2470 stimmtere
361 2437 549 2480 Erklarung
582 2440 762 2470 erwarten.
789 2456 832 2462 -

142 2482 294 2515 liberata
314 2482 396 2524 fide]
423 2483 477 2517 die
496 2483 681 2526 gleichsam
702 2483 832 2526 gebun-

145 2528 242 2569 dene,
268 2529 490 2572 verpsandete
510 2528 621 2562 Treue
647 2529 691 2562 ist
708 2528 831 2572 geffist,

901 1381 961 1414 das
988 1381 1164 1424 gegebene
1191 1380 1289 1415 Wort
1315 1381 1496 1425 gehalten3
1527 1381 1597 1425 vgl.

901 1429 956 1467 42,
979 1429 1031 1469 13,
1054 1428 1104 1461 12.

947 1473 1009 1509 12.
1046 1475 1073 1507 1.
1108 1474 1275 1516 superba]
1313 1472 1385 1516 vgl.
1418 1474 1456 1515 4,
1489 1473 1520 1507 3.
1554 1492 1598 1498 —

900 1522 1108 1561 evenerunt]
1120 1520 1139 1541 *

948 1567 978 1599 2.
1005 1568 1043 1598 in
1071 1567 1211 1606 animis]
1234 1565 1280 1598 ist
1297 1567 1419 1608 gesagt
1435 1563 1598 1599 konform

901 1611 978 1645 dem
995 1611 1177 1654 folgenden
1191 1613 1230 1643 in
1247 1610 1408 1652 oculis-(s.
1421 1611 1476 1653 22,
1489 1611 1542 1653 12,
1552 1612 1599 1653 6),

905 1659 971 1691 wie
991 1659 1021 1698 6,
1041 1658 1095 1699 28,
1113 1658 1152 1691 6:
1178 1659 1218 1690 in
1236 1656 1350 1690 oculis
1373 1659 1408 1689 et
1429 1657 1596 1696 auribus;

904 1706 942 1736 in
968 1705 1089 1737 animo
1114 1704 1205 1736 milti
1228 1706 1281 1736 est
1310 1701 1474 1736 bedentet
1499 1708 1598 1736 sonst

901 1746 968 1783 ‘ich
979 1750 1133 1783 erinnere
1143 1746 1240 1783 mich’
1251 1744 1351 1782 oder‘
1356 1748 1410 1782 ich
1421 1748 1600 1782 beabsich·

904 1789 997 1839 tige’,
1019 1806 1060 1828 an
1079 1806 1109 1828 u.
1129 1794 1197 1830 St.:
1217 1790 1288 1828 ‘ich
1311 1794 1411 1829 stelle
1438 1794 1500 1828 mir
1523 1805 1599 1836 vor,

903 1852 939 1875 es
966 1842 1124 1875 schwebt
1152 1841 1217 1874 mir
1241 1835 1323 1874 v'.or
1351 1860 1392 1864 —
1427 1842 1596 1883 utraque]

903 1898 930 1921 s.
954 1890 1005 1927 10,
1026 1889 1054 1927 1,
1075 1890 1110 1926 5;
1137 1888 1259 1929 Ζι127,
1278 1887 1383 1929 22,.2
1409 1886 1596 1919 -media

904 1957 911 1966 .
936 1958 942 1966 .
970 1934 1044 1974 via]
1070 1943 1096 1968 S.
1123 1934 1246 1975 3,11;
1273 1943 1313 1966 zu
1340 1933 1402 1973 44,
1429 1932 1469 1974 8,
1495 1933 1526 1966 9.
1551 1951 1592 1956 —

898 1980 1142 2021 pugnatur-os]
1161 1978 1210 2011 sie
1227 1977 1367 2011 wfirden
1384 1977 1419 2010 in
1433 1977 1493 2011 der
1506 1976 1596 2019 Lage

903 2025 975 2057 sein
1003 2035 1042 2057 zu
1069 2023 1244 2068 kampfem
1270 2023 1410 2057 wfirden
1432 2022 1595 2066 kfimpl'en

902 2079 1052 2104 mussen.

949 2117 978 2149 3.
1006 2115 1206 2156 nullodum]
1233 2124 1259 2148 s.
1286 2125 1326 2147 zu
1354 2115 1385 2156 3,
1403 2116 1458 2156 50,
1480 2115 1531 2149 16.
1552 2134 1595 2139 -

903 2161 1021 2194 libatis
1031 2161 1064 2204 *]
1091 2171 1117 2194 s.
1138 2161 1192 2202 21,
1211 2161 1265 2202 29,
1285 2161 1322 2199 6;
1350 2161 1407 2203 42,
1427 2161 1482 2204 30,
1501 2161 1532 2194 6.
1551 2169 1593 2185 '—

901 2208 1146 2248 mutaverant]
1165 2206 1374 2246 intransitiv;
1395 2216 1424 2240 s.
1439 2207 1471 2250 3,
1490 2208 1542 2248 10,
1557 2207 1594 2248 6;

904 2254 958 2294 39,
969 2255 1089 2293 51,10.
1100 2254 1250 2285 —incer
1263 2251 1443 2285 Romanos
1456 2277 1464 2286 .
1475 2277 1483 2286 .
1494 2252 1596 2286 Sam-

902 2301 1011 2340 nites]
1048 2303 1165 2341 streng
1197 2297 1465 2341 durchgesfihrte
1503 2298 1595 2332 chia-

903 2345 1031 2378 slische
1049 2343 1312 2386 Wortstellung.
1350 2343 1415 2377 Der
1439 2343 1513 2377 hier
1537 2353 1596 2386 ge-

903 2390 1109 2424 schilderten
1120 2389 1314 2433 Slimmung
1327 2389 1519 2434 entspricht
1533 2389 1594 2423 das

904 2437 924 2479 ξ
951 2435 1019 2470 eff.
1046 2435 1220 2475 Erzahlte;
1254 2435 1313 2469 der
1346 2435 1512 2470 zunachst
1537 2445 1596 2479 ge-

903 2482 1085 2516 sehilderte
1118 2481 1232 2515 Abfall
1271 2480 1330 2515 der
1365 2480 1485 2515 Stadte
1522 2482 1595 2515 tritt

902 2528 1041 2562 storend
1067 2527 1296 2561 dazwischen.
