1731 2796
63 73 114 112 70
169 65 171 67 ¹
529 75 655 123 LIBER
679 75 732 111 Vl.
782 75 875 111 CAP.
903 77 956 112 29.
981 78 1036 111 30.
1214 97 1240 117 a.
1262 96 1291 117 u.
1312 96 1339 117 c.
1360 89 1420 117 375.
1440 90 1503 118 376.
1533 97 1537 102 ’

59 185 255 242 ‘Iuppiter
276 196 393 242 atque
416 190 491 230 divi
522 204 659 232 omnes
682 192 757 232 hoc
779 192 1061 239 dederunt,⁴ut
1082 193 1126 233 T.
1149 193 1359 240 Quinctius
1380 195 1502 235 dicta-

0 254 30 286 10
60 253 123 285 tor
154 247 295 299 oppida
328 261 467 287 novem
501 243 681 301 caperet.³
727 249 787 289 die
811 250 1046 297 vicensimo,
1079 263 1195 302 quam
1226 258 1382 293 creatus
1407 251 1503 300 erat,

64 304 253 343 dictatura
278 317 319 345 se
342 305 544 345 abdicavit.

0 364 43 400 30
183 361 344 401 Comitia
363 362 453 402 inde
469 363 602 403 habita
619 364 871 403 tribunorum
890 364 1057 403 militum
1075 365 1273 404 consulari
1295 372 1504 418 potestate,

16 425 33 456 2
65 418 209 469 quibus
230 426 418 471 aequatus
439 421 696 471 patriciorum
714 420 1042 472 plebeiorumque
1064 434 1267 462 numerus.
1309 435 1356 462 ex
1380 423 1503 475 patri-

62 476 135 515 bus
157 477 277 515 creati
300 477 340 515 P.
366 483 402 516 et
426 477 465 516 C.
490 478 621 517 Manlii
647 490 734 517 cum
760 478 801 516 L.
825 478 945 525 lulio;
967 477 1104 530 plebes
1126 479 1166 518 C.
1191 479 1418 527 Sextilium,
1452 480 1502 520 M.

12 539 30 570 3
61 533 275 579 Albinium,
295 533 335 572 L.
350 534 564 574 Antistium
582 535 698 574 dedit.
734 535 900 582 Manliis,
919 536 1024 587 quod
1043 548 1190 587 genere
1206 536 1397 589 plebeios,
1415 550 1504 590 gra-

63 590 112 629 tia
136 590 277 629 lulium
300 591 526 638 anteibant,
558 592 685 632 Volsci
707 592 908 645 provincia
939 593 1024 632 sine-
1047 599 1172 641 sorte,
1203 593 1289 633 sine
1311 607 1504 647 conpara-

64 647 171 686 tione
203 654 310 687 extra
345 649 524 688 ordinem
556 649 663 697 data;
702 650 812 689 cuius
842 656 881 689 et
912 650 1020 702 ipsos
1049 650 1259 702 postmodo
1292 657 1330 691 et
1358 658 1504 704 patres,

12 712 29 742 4
62 704 128 755 qui
160 704 372 752 dederant,
413 706 619 758 paenituit.
669 707 917 758 inexplorato
949 707 1177 759 pabulatum
1214 709 1397 749 cohortes
1432 709 1505 748 mi-

63 773 174 806 sere;
209 762 352 814 quibus
381 763 485 803 velut
507 764 807 811 circumventis,
838 777 928 804 cum
956 764 992 803 id
1017 765 1112 804 salso
1144 765 1368 805 nuntiatum
1391 773 1505 814 esset,

63 819 168 865 dum,
192 820 387 871 praesidio
410 827 452 859 ut
477 828 622 862 essent.
646 821 752 861 citati
776 822 972 868 seruntur,
1001 834 1050 861 ne
1074 829 1235 862 auctore
1258 823 1415 875 quidem
1437 823 1505 862 ad-

62 883 234 916 servato.
264 878 331 928 qui
365 890 432 917 eos
461 878 584 918 hostis
616 879 780 919 Latinus
816 892 888 931 pro
921 879 1043 918 milite
1083 879 1261 919 Romano
1292 880 1507 920 frustratus

12 940 30 970 5
62 939 163 980 erat,
194 934 267 986 ipsi
297 935 335 973 in
369 935 529 975 insidias
560 936 880 988 praecipitavere.
932 936 985 975 ibi
1016 937 1106 975 dum
1138 936 1275 988 iniquo
1305 937 1394 977 loco
1425 938 1507 977 sola

62 990 206 1030 virtute
228 991 394 1031 militum
425 1000 621 1033 restantes
651 993 821 1033 caedunt
851 993 1170 1045 caedunturque,
1201 1000 1326 1034 castra
1347 995 1508 1035 interim
1571 1039 1573 1041 ,
1615 1024 1625 1045 s

13 1054 32 1085 6
61 1047 236 1087 Romana
269 1049 434 1094 iacentia
466 1050 504 1089 in
540 1063 678 1102 campo
701 1050 748 1089 ab
772 1051 891 1090 altera
923 1058 1034 1102 parte
1069 1052 1202 1091 hostes
1224 1051 1415 1091 invasere.
1458 1052 1506 1092 ab

62 1104 229 1145 ducibus
251 1105 463 1158 utrobique
494 1108 672 1159 proditae
703 1108 923 1148 temeritate
952 1102 1072 1159 atque
1099 1108 1251 1148 inscitia
1275 1121 1360 1158 res;
1393 1109 1507 1161 quid-

62 1161 154 1213 quid
177 1163 373 1215 superfuit
402 1164 584 1204 fortunae
615 1166 753 1217 populi
774 1165 966 1213 Romani,
999 1165 1035 1204 id
1065 1165 1234 1205 militum
1266 1166 1384 1206 etiam
1413 1166 1500 1207 sine

61 1265 208 1296 tertium
222 1264 300 1307 (273
316 1263 381 1306 Pr.)
398 1266 517 1308 pondo
537 1277 748 1299 eoronam

62 1319 209 1341 auream
219 1311 356 1342 dedisse
365 1322 400 1343 se
410 1311 430 1343 I
430 1313 487 1343 ovi
497 1312 565 1344 don
571 1323 628 1344 um
638 1315 749 1355 scrip-

62 1356 110 1387 sit
130 1354 164 1387 T.
183 1357 370 1396 Quinctius
387 1357 551 1394 dictator,
567 1369 670 1400 quom
684 1370 749 1401 per

62 1411 185 1433 novem
220 1402 294 1434 dies
324 1403 468 1435 totidem
492 1405 598 1435 urbes
624 1407 657 1436 et
681 1404 749 1437 de-

64 1448 217 1479 cimam
249 1448 437 1480 Praeneste
475 1452 632 1491 cepisset.
687 1449 748 1483 Die

821 1268 935 1299 creati
959 1276 1000 1299 zu
1033 1265 1178 1300 denken.
1228 1266 1306 1310 Vgl.
1331 1266 1380 1301 De
1405 1266 1509 1311 Boor,

822 1311 911 1345 Fast.
938 1321 1029 1345 cens.
1057 1314 1110 1346 67.

867 1360 897 1392 3.
927 1359 1003 1390 sine
1032 1361 1128 1392 sorte
1160 1382 1168 1391 .
1196 1382 1204 1390 .
1237 1359 1410 1400 ordinem]
1442 1358 1509 1392 alle

821 1403 891 1436 (1Γεὶ
909 1404 1012 1436 Arten
1031 1402 1089 1436 der
1104 1403 1341 1446 Bestimmung
1354 1403 1414 1437 der
1426 1403 1510 1438 Pro-

820 1449 942 1482 vinzen
954 1448 1044 1490 (Los,
1059 1448 1412 1492 sreieUbereinkunst,
1426 1450 1509 1483 Auf-

62 1492 219 1525 lnschrist
241 1503 312 1526 war
329 1495 374 1526 im
392 1495 627 1528 saturnischen
647 1495 747 1529 Vers-

63 1539 170 1570 masse
208 1538 395 1581 abgesasst;
427 1550 452 1573 s.
480 1550 520 1573 zu
550 1543 604 1581 40,
632 1543 685 1582 52,
713 1544 748 1581 53

62 1583 131 1625 vgl.
164 1583 262 1617 Mms.
295 1585 416 1618 Chron.
452 1587 533 1626 317;
567 1586 689 1620 Clason
721 1590 750 1629 1,

65 1630 117 1662 83.
143 1648 188 1653 —
221 1641 326 1672 quam
361 1634 503 1664 creatus
534 1634 624 1673 erat]
657 1643 683 1665 5.
709 1643 750 1666 zu

108 1719 170 1756 30.
186 1720 286 1764 Krieg
300 1722 361 1755 mit
376 1721 441 1755 den
453 1721 631 1756 Volskern.
652 1723 751 1764 Diod.

66 1768 118 1807 15,
133 1768 186 1799 51.
532 1792 538 1798 .

112 1814 139 1844 1.
151 1813 454 1855 plebeiorumque]
468 1813 562 1847 diese
571 1815 750 1857 gelangen,

63 1857 128 1890 seit
163 1859 227 1891 355
260 1868 288 1890 3.
314 1868 346 1891 u.
374 1869 402 1891 c.
428 1861 467 1898 (s.
495 1862 525 1901 5,
551 1862 604 1900 18,
628 1863 658 1902 1)
689 1861 751 1894 mit

64 1903 259 1936 Ausnahme
279 1903 454 1938 vielleicht
472 1916 539 1939 von
558 1905 750 1941 Trebonius

64 1949 103 1988 (5.
130 1949 184 1984 21,
208 1951 237 1988 1)
263 1959 338 1982 zum
369 1954 480 1984 ersten
506 1950 595 1985 Male
623 1952 750 1986 wieder

64 2003 140 2026 zum
171 1993 481 2028 Militartribunate.
647 2038 650 2039 .

110 2040 140 2072 2.
160 2040 195 2072 P.
211 2040 379 2081 Manlius]
398 2050 424 2073 s.
445 2043 497 2082 38,
514 2045 567 2075 10.
593 2043 646 2082 42,
662 2044 691 2075 3.
707 2061 751 2066 —

66 2085 100 2119 C.
115 2085 285 2126 Manlius]
303 2085 536 2128 Capitolinus.
549 2107 591 2111 —
606 2088 710 2128 Iulio]
724 2098 750 2123 s.

64 2133 96 2171 4,
107 2133 137 2164 ἵ.
151 2150 195 2155 --
208 2132 404 2172 Albinium]
419 2132 593 2165 vielleicht
608 2143 678 2165 war
692 2133 751 2166 der

66 2178 200 2217 5,40,9
227 2177 419 2219 erwahnte‚
451 2178 610 2220 obgleich
642 2178 752 2212 dieser

65 2222 186 2255 Lucius
205 2228 354 2265 genannt
372 2223 468 2265 wird,
490 2224 654 2266 gemeint;
681 2224 750 2266 vgl.

66 2268 163 2302 Nieb.
190 2269 258 2303 RG.
285 2271 320 2310 2,
347 2271 428 2308 607;
462 2269 537 2302 CIL.
567 2269 580 2302 I
612 2268 645 2302 S.
672 2270 748 2302 255.

65 2313 191 2348 Diodor
205 2315 358 2348 erw'ahnt
374 2316 392 2349 S
405 2315 748 2354 Konsulartribunen;

67 2360 153 2392 doch
172 2359 284 2393 finden
304 2361 376 2394 sich
396 2361 451 2394 bei
469 2360 539 2395 Liv.
561 2361 614 2394 fiir
639 2360 751 2394 dieses

65 2404 148 2438 Jahr
190 2406 359 2439 Censoren
403 2407 496 2440 nicht
541 2406 750 2449 angegeben,

66 2450 175 2483 denen
211 2452 295 2483 zwei
322 2451 651 2486 Konsulartribunen
680 2455 752 2486 ent-

67 2495 232 2538 sprechen
242 2495 403 2538 konnten,
416 2499 479 2531 wie
489 2494 542 2540 27,
553 2500 587 2537 33
603 2498 752 2531 schwer-

66 2541 134 2574 lich
152 2542 195 2574 ist
213 2551 254 2574 an
274 2542 327 2575 die
343 2543 425 2585 27,5
445 2544 644 2577 erwahnten
662 2545 749 2576 viiio

820 1494 1004 1537 sorderung
1039 1494 1098 1528 des
1133 1493 1255 1528 Senats
1286 1505 1354 1528 von
1386 1495 1509 1529 beiden

823 1541 1049 1581 abzustehen)
1067 1540 1141 1573 sind
1161 1540 1233 1574 hier
1251 1550 1509 1585 zusammenge-

822 1586 932 1625 stellt3
959 1596 985 1619 5.
1013 1587 1066 1625 22,
1087 1587 1122 1625 6;
1158 1587 1189 1628 8,
1212 1587 1264 1627 16,
1287 1588 1325 1626 5ς
1356 1590 1399 1620 zu
1425 1589 1456 1629 3,
1477 1589 1508 1629 2,

823 1633 858 1671 2;
886 1631 982 1665 Mms.
1009 1631 1088 1665 StR.
1117 1632 1162 1673 12,
1189 1633 1242 1665 55.

869 1679 898 1710 4.
926 1678 1023 1710 velut
1045 1679 1307 1719 circumventis]
1337 1677 1411 1720 die,
1442 1679 1510 1712 wie

823 1723 873 1756 sie
898 1723 1065 1763 meinten‚
1101 1747 1131 1758 ..
1158 1723 1291 1763 warem
1327 1722 1387 1757 der
1409 1723 1510 1757 Dativ

822 1769 929 1811 h'angt
953 1779 1021 1802 von
1041 1770 1230 1812 praesidio
1253 1773 1368 1802 essent
1384 1769 1437 1803 ab.
1464 1788 1508 1794 —

821 1816 939 1855 citati]
970 1815 1039 1857 vgl.
1067 1816 1098 1856 2,
1121 1817 1172 1855 10,
1194 1817 1225 1849 3.
1257 1835 1300 1839 -
1325 1814 1509 1857 feruntur]

823 1871 850 1894 5.
876 1862 929 1901 25,
960 1863 1010 1900 15,
1038 1863 1098 1894 15:
1134 1860 1310 1894 Romanos
1336 1860 1438 1900 fusos
1462 1862 1511 1894 ad

822 1907 944 1938 urbem
968 1905 1064 1945 ferri
1088 1907 1265 1940 viderunt.
1291 1924 1337 1931 ——
1359 1917 1405 1939 ne
1424 1917 1508 1940 aue-

825 1955 902 1984 tore
928 1952 1068 1994 quidem
1093 1979 1100 1986 .
1116 1954 1136 1994 .]
1167 1952 1237 1995 vgl.
1261 1953 1317 1993 43,
1337 1953 1389 1992 10,
1407 1953 1438 1986 3.
1466 1971 1508 1976 -

824 1999 887 2040 qui
905 2024 911 2031 .
927 2023 935 2030 .
950 2000 1030 2039 pro]
1047 2013 1091 2025 =
1110 2008 1190 2030 eum
1211 2000 1298 2030 esset
1313 1999 1423 2030 hostis
1440 1997 1509 2031 La-

823 2046 931 2085 tinus,
956 2046 1138 2086 tamquam
1162 2046 1251 2076 esset
1283 2068 1314 2077 ..
1339 2063 1383 2068 —
1401 2054 1510 2087 prae-

823 2091 1029 2131 cipitavere]
1055 2089 1125 2132 vgl.
1153 2091 1184 2131 5,
1200 2091 1253 2131 18,
1266 2092 1296 2123 7.

868 2138 898 2168 5.
925 2137 1109 2176 restantes]
1135 2134 1352 2168 standhalten
1371 2134 1509 2168 vermit-

822 2180 903 2213 telst
917 2180 975 2213 der
988 2179 1199 2224 Tapferkeit,
1212 2180 1271 2214 auf
1285 2179 1438 2214 dieselbe
1452 2190 1510 2224 ge-
1526 2190 1531 2194 ·

821 2228 944 2263 stfitzt;
972 2236 998 2259 5.
1025 2228 1056 2267 4,
1077 2228 1131 2267 58,
1153 2228 1184 2259 4.
1209 2245 1255 2250 -
1280 2226 1435 2259 caedunt
1458 2252 1467 2260 .
1487 2228 1508 2267 .]
1536 2266 1539 2268 ,

822 2281 848 2304 5.
881 2270 978 2313 Verg.
1009 2272 1092 2306 Aen.
1120 2274 1181 2312 10,
1207 2273 1292 2306 756:
1317 2272 1511 2304 caedebant

816 2318 959 2358 pariter
981 2319 1189 2360 pariterque
1212 2319 1375 2350 ruebant.

871 2363 900 2394 6.
920 2364 1121 2404 utrobique]
1138 2363 1173 2395 in
1191 2362 1250 2395 der
1264 2362 1427 2395 Schlacht
1439 2361 1509 2396 und

822 2407 854 2439 in
882 2407 958 2439 dem
984 2407 1107 2450 Lager,
1139 2407 1200 2440 das
1225 2408 1275 2440 sie
1301 2407 1394 2441 wohl
1419 2407 1508 2442 ohne

822 2452 1031 2495 Bedeckung
1056 2452 1213 2498 gelassen
1237 2453 1364 2486 hatten.
1391 2472 1434 2477 —
1461 2457 1509 2486 te-

820 2501 986 2531 meritate
1010 2501 1118 2541 atque
1135 2500 1293 2540 inscitia]
1321 2498 1390 2542 vgl.
1409 2500 1463 2540 26,
1478 2500 1509 2541 2,

824 2546 853 2578 7.
879 2563 923 2567 —
947 2543 1128 2585 fortunae]
1164 2544 1249 2577 wird
1279 2554 1333 2578 am
1358 2543 1510 2578 einfach-
