1731 2796
92 1049 128 1081 10

90 1220 125 1252 11

159 68 212 106 42
653 67 779 102 LlBER
805 67 899 102 Vllll.
937 68 1031 102 CAP.
1062 71 1111 103 18.

1403 87 1429 110 3,
1451 88 1480 108 u.
1501 88 1527 109 c.
1543 82 1606 109 435.

158 185 376 238 periculum
401 190 502 231 erat,
535 184 640 235 quod
664 184 847 224 levissimi
878 197 925 224 ex
948 185 1126 231 Graecis,
1159 185 1226 236 qui
1250 184 1483 225 Parthorum
1506 197 1608 237 quo-

158 255 234 295 que
257 249 394 282 contra
419 254 565 280 nomen
587 241 811 281 Romanum
833 241 980 293 gloriae
1003 244 1152 290 favent,
1183 242 1362 282 dictitare
1383 241 1532 291 solent,
1556 255 1606 282 ne

158 300 399 339 maiestatem
424 299 597 338 nominis
613 299 835 347 Alexandri,
859 311 976 350 quem
999 312 1049 338 ne
1073 300 1170 339 sama
1188 299 1346 351 quidem
1369 298 1445 339 illis
1467 305 1606 339 notum

156 357 328 397 arbitror
349 357 488 401 fuisse,
517 356 715 396 sustinere
739 369 818 395 non
843 357 1017 407 potuerit
1038 356 1210 408 populus
1231 356 1453 404 Romanus,
1477 362 1516 396 et
1539 357 1605 396 ad-

158 427 293 454 versus
316 426 432 464 quem
455 413 641 460 Athenis,
674 414 714 452 in
748 413 900 453 civitate
922 414 1041 453 fracta
1065 413 1324 453 Macedonum
1347 413 1488 462 armis,
1520 426 1606 453 cer-

159 478 300 511 nentes
322 477 406 510 tum
427 470 595 509 maxime
617 483 742 522 prope
764 472 960 510 fumantes
976 470 1199 510 Thebarum
1222 470 1360 510 ruinas
1382 471 1605 510 contionari

159 529 280 568 libere
312 528 393 567 ausi
426 528 505 567 sint
535 527 737 575 homines,
778 527 814 566 id
855 528 960 578 quod
994 540 1039 567 ex
1080 528 1350 567 monumentis
1381 527 1606 567 orationum

158 592 277 637 patet,
300 585 485 624 adversus
507 597 595 623 eum
619 597 736 623 nemo
760 597 805 624 ex
823 590 880 623 tot
896 584 1130 636 proceribus
1144 584 1332 624 Romanis
1348 596 1484 624 vocem
1507 584 1605 624 libe-

160 655 241 681 ram
264 642 455 681 missurus
477 642 615 680 fuerit!

273 698 527 745 Quantalibet
558 697 790 748 magnitudo
822 698 994 737 hominis
1026 697 1272 749 concipiatur
1303 697 1455 747 animo3
1488 698 1606 738 unius

159 764 288 795 tamen
313 768 355 795 ea
377 755 607 807 magnitudo
632 755 801 794 hominis
823 755 917 801 erit,
943 754 1106 793 collecta
1128 754 1245 806 paulo
1268 754 1357 806 plus
1377 754 1513 795 decem
1535 767 1606 794 an-

160 825 300 853 norum
324 812 529 861 felicitate;
553 824 668 863 quam
694 812 761 863 qui
784 825 830 851 eo
849 811 1056 858 extollunt,
1079 811 1184 863 quod
1202 811 1374 864 populus
1389 811 1606 860 Romanus,

160 871 229 910 etsi
253 870 361 909 nullo
383 869 506 917 bello,
539 869 671 908 multis
692 876 823 908 tamen
847 868 1009 921 proeliis
1030 869 1155 908 victus
1177 868 1244 916 sit,
1272 868 1494 908 Alexandro
1519 869 1607 908 nul-

159 928 233 967 lius
254 939 412 979 pugnae
436 940 515 966 11011
539 926 712 966 secunda
744 927 904 966 fortuna
936 926 1075 973 fuerit,
1109 938 1189 965 non
1215 925 1453 977 intellegunt
1472 938 1514 965 se
1535 926 1607 965 ho-

159 985 276 1024 minis
298 997 361 1024 res
383 991 532 1035 gestas,
556 991 593 1022 et
615 984 699 1023 eius
722 983 894 1031 iuvenis,
927 996 1015 1023 cum
1038 982 1176 1035 populi
1198 983 1273 1022 iam
1297 983 1607 1034 quadringente-

160 1042 300 1081 simum
333 1041 516 1080 bellantis
547 1054 695 1080 annum
728 1040 849 1080 rebus
881 1042 1075 1080 conferre.
1118 1040 1330 1088 miremur,
1363 1040 1415 1088 si,
1448 1051 1538 1079 cum
1561 1052 1607 1079 ex

160 1100 231 1138 hac
253 1105 364 1150 parte
386 1098 538 1138 saecula
560 1098 674 1150 plura
696 1106 960 1137 numerentur
981 1109 1096 1148 quam
1131 1110 1177 1136 ex
1203 1097 1266 1136 illa
1298 1097 1414 1145 anni,
1446 1097 1536 1149 plus
1566 1097 1606 1137 in

160 1163 236 1194 tam
259 1156 379 1206 longo
402 1155 528 1206 spatio
552 1167 668 1205 quam
701 1155 739 1194 in
774 1161 899 1194 aetate
930 1155 1118 1194 tredecim
1141 1166 1337 1193 annorum
1360 1155 1520 1193 fortuna
1541 1166 1607 1193 va-

158 1211 342 1251 riaverit?
384 1212 479 1263 quin
503 1218 544 1251 tu
566 1212 738 1251 hominis
761 1224 850 1252 cum
874 1212 1034 1251 homine
1057 1219 1095 1250 et
1115 1211 1225 1251 ducis
1246 1223 1337 1250 cum
1359 1210 1459 1251 duce
1481 1211 1608 1251 fortu-

160 1290 269 1333 eignis
302 1290 561 1332 verscbwiegen
603 1289 672 1322 und
712 1292 769 1331 19,
806 1291 845 1324 16

161 1346 222 1368 11111
240 1335 338 1368 einen
357 1335 458 1378 Krieg
475 1335 508 1367 in
526 1335 688 1368 Aussicbt
707 1335 846 1377 gestellt

161 1382 281 1414 baben.
307 1401 351 1405 —
372 1392 415 1413 ne
428 1406 435 1414 .
452 1391 543 1413 ,71οη
556 1383 733 1423 potuerit]
750 1390 776 1414 S.
796 1383 847 1422 10,

161 1428 220 1467 25,
247 1429 300 1461 14.
340 1446 381 1450 -
425 1428 594 1466 nominis]
628 1422 747 1460 ‘sehon
786 1426 846 1460 des

162 1473 293 1506 blossen
314 1467 484 1513 Namens',
504 1482 578 1504 was
595 1472 699 1505 durch
720 1472 773 1504 die
783 1471 846 1505 Re-

161 1518 339 1552 lativsatze
366 1529 467 1560 quem
489 1543 519 1551 ..
542 1516 655 1556 fuisse
689 1517 756 1550 und
785 1519 847 1550 ad-

162 1575 281 1596 versus
299 1574 399 1606 quem
415 1589 421 1596 .
439 1589 445 1596 .
465 1563 645 1605 widerlegt
664 1563 760 1596 wird.
795 1563 845 1596 Ob

161 1610 193 1642 Li
201 1611 242 1642 v.'
252 1610 393 1642 Ausicbt
406 1620 506 1651 quem
521 1634 544 1642 ..
558 1610 719 1641 arbitror
732 1608 845 1648 fuisse

160 1655 282 1698 richtig
307 1656 366 1695 ist,
393 1655 474 1688 oder
504 1655 547 1687 ob
575 1654 627 1687 die
654 1654 777 1687 Romer
803 1665 844 1688 an

160 1700 352 1733 Alexander
367 1706 405 1738 (s.
423 1699 509 1733 Plin.
528 1701 560 1739 3,
578 1702 633 1739 57)
652 1700 718 1733 und
735 1700 846 1733 dieser

159 1756 201 1778 an
215 1746 269 1778 dle
284 1746 406 1779 Homer
419 1748 458 1787 (s.
479 1745 600 1778 Strabo
619 1747 650 1786 5,
669 1747 700 1785 3,
719 1745 752 1779 S.
766 1747 845 1787 232)

160 1791 330 1824 Gesandte
349 1790 526 1834 geschickt
543 1791 665 1830 baben,
684 1791 729 1824 ist
742 1792 844 1824 zwei-

160 1837 297 1875 sentam
324 1847 349 1871 s.
376 1836 472 1870 Nieb.
498 1836 565 1870 RG.
587 1840 615 1876 1,
634 1838 718 1874 472;
745 1836 842 1870 Mms.

161 1882 226 1916 RG.
249 1882 294 1923 1⁷,
312 1884 389 1916 382.
409 1902 451 1906 —
473 1884 646 1925 poluerit]
665 1882 840 1915 kondizio-

159 1928 224 1967 nal,
250 1928 469 1969 unabhangig
486 1943 530 1954 =
550 1930 681 1970 potuit.

207 1975 237 2005 ἵ.
273 1974 490 2013 cernentes]*
517 1992 561 1995 —
585 1974 710 2014 prope]
737 1983 762 2005 s.
788 1974 842 2014 23,

159 2020 212 2059 42,
229 2021 258 2052 5.
290 2037 333 2042 --
358 2020 583 2051 contionari.
599 2019 619 2058 .]
644 2017 841 2050 Demosthe-

160 2073 230 2104 nes,
256 2063 394 2107 Lykurg
412 2074 442 2097 u.
459 2073 487 2095 a.
513 2082 557 2086 -
581 2063 690 2103 sz‘nt]*

206 2111 327 2143 8—19.
366 2108 428 2141 Der
453 2108 554 2141 dritte
581 2108 639 2141 der
667 2110 718 2147 17,
746 2110 764 2141 3
792 2118 841 2140 er-

160 2155 320 2187 wiihnten
339 2153 743 2196 Vergleichungspuukte
758 2153 842 2186 wird

160 2200 231 2233 hier
257 2199 526 2242 eingeschoben:
554 2200 640 2232 auch
655 2199 714 2232 das
733 2198 842 2232 Gtfick

161 2246 217 2279 hat
233 2245 333 2278 beide
352 2244 506 2278 Parteien
526 2245 735 2288 begtinstigt,
761 2244 842 2277 aber

160 2291 218 2324 das
237 2290 346 2324 Gliick
362 2290 569 2324 Alexanders
596 2300 666 2323 war
691 2300 754 2323 nur
774 2300 841 2322 von

161 2336 279 2370 kurzer
304 2335 413 2369 [131101-
440 2338 473 2378 (ἓ
497 2338 641 2377 9-11);
673 2336 841 2369 romische

160 2381 360 2415 Feldherren
380 2382 489 2415 haben
507 2381 611 2414 durch
638 2382 709 2414 ihre
731 2380 842 2414 Trich-

160 2426 281 2468 tigkeit
315 2426 382 2459 und
416 2427 468 2460 ihr
501 2426 609 2460 Gliick
641 2430 728 2460 trotz
758 2427 841 2460 viel-

160 2472 273 2504 sacher
299 2471 514 2505 Hindernisse
547 2472 685 2505 Grosses
718 2482 839 2515 ausge-

161 2517 250 2550 siihrt
275 2516 307 2560 (ξ
329 2516 436 2556 12111,

965 1291 995 1323 8.
1022 1289 1256 1331 quantalibet]
1283 1298 1309 1321 s.
1327 1289 1382 1329 39,
1402 1290 1455 1330 37,
1487 1291 1537 1322 14.
1563 1307 1608 1313 -

918 1333 1085 1377 hominis]
1105 1334 1163 1367 des
1179 1333 1336 1373 Mannes;
1356 1333 1509 1376 dagegen
1528 1333 1548 1377 ᾗ
1565 1336 1604 1368 9:

917 1381 1010 1413 eines
1021 1379 1197 1412 einzelnen
1210 1378 1405 1421 Mensehen,
1416 1379 1460 1412 im
1472 1379 1606 1422 Gegen-

917 1432 1010 1458 satze
1025 1436 1100 1458 zum
1119 1424 1243 1463 Volke;
1271 1435 1311 1457 zu
1326 1427 1434 1457 unius
1452 1426 1605 1458 hominis

917 1471 986 1513 vgl.
1013 1471 1105 1504 Curt.
1132 1472 1164 1511 4,
1185 1473 1238 1511 14,
1257 1471 1318 1504 18:
1348 1471 1558 1504 Alemander
1572 1495 1580 1504 .
1595 1495 1604 1505 .

916 1528 1029 1550 unum
1055 1516 1193 1549 animal
1217 1519 1276 1549 est.

962 1566 993 1596 9.
1019 1562 1118 1595 nullo
1141 1562 1242 1602 bello]
1261 1560 1330 1605 vgl.
1348 1560 1453 1595 Lucil.
1468 1562 1524 1603 26,
1539 1563 1601 1596 45:

916 1608 1097 1640 Romanus
1115 1607 1273 1650 populus
1296 1608 1413 1639 victus
1428 1608 1477 1648 vi,
1501 1617 1604 1650 supe-

916 1658 1018 1687 ratus
1039 1653 1191 1695 proeliis
1207 1655 1345 1695 saepest
1359 1652 1491 1695 mullis,
1513 1652 1603 1685 bello

915 1711 998 1732 vero
1017 1709 1223 1741 numquam.
1249 1718 1292 1722 —
1309 1701 1343 1730 et
1359 1699 1435 1731 eius
1451 1699 1601 1739 iuvenis]

916 1745 982 1778 und
1018 1755 1110 1777 zwar
1147 1745 1241 1777 eines
1274 1744 1407 1786 jungen
1448 1742 1602 1786 Mannes,

916 1791 980 1824 den
1000 1790 1060 1823 das
1077 1790 1187 1823 Glfick
1207 1789 1294 1823 noch
1314 1790 1406 1823 hatte
1423 1789 1601 1823 verlassen

915 1835 1071 1874 konneu;
1098 1838 1194 1877 s,17‚
1212 1835 1263 1868 5f.
1291 1854 1334 1858 ——
1360 1835 1602 1877 quadringen-

914 1883 1111 1922 tesimum*]
1137 1881 1207 1916 Liv.
1225 1880 1415 1921 vei-gleicht
1435 1880 1508 1914 hier
1532 1880 1602 1913 und

913 1928 959 1959 im
987 1927 1167 1969 folgenden
1195 1925 1250 1959 die
1265 1924 1381 1958 Macht
1398 1924 1511 1966 Roms,
1535 1925 1600 1958 wie

914 1973 962 2005 sie
997 1983 1037 2005 zu
1070 1971 1279 2004 Alexanders
1312 1970 1386 2004 Zeit
1413 1980 1502 2012 war,
1538 1970 1600 2003 mit

913 2017 972 2050 der
996 2016 1292 2049 macedonischen.

962 2062 1182 2096 los-saecula
1204 2062 1326 2104 plura]
1359 2060 1399 2093 da
1430 2061 1598 2094 tredecim

912 2118 1090 2140 annorum
1119 2107 1216 2149 solgt,
1241 2106 1317 2139 sind
1339 2109 1438 2140 unter
1454 2107 1597 2151 saecula

912 2152 1186 2186 Menschenalter
1203 2162 1243 2185 zu
1263 2153 1307 2186 33
1323 2151 1449 2185 Jahren
1468 2162 1509 2185 zu
1523 2162 1598 2186 ver-

912 2199 1049 2237 stehen3
1078 2208 1103 2231 s.
1131 2208 1171 2231 zu
1198 2199 1235 2237 4,
1262 2198 1325 2239 32,
1352 2199 1382 2232 3.
1431 2196 1598 2231 Dreizehn

910 2244 1052 2276 saecula
1085 2244 1151 2276 seit
1185 2242 1374 2285 Grnndung
1405 2242 1464 2275 der
1497 2241 1597 2276 stadt

912 2289 1032 2322 stibren
1059 2288 1118 2321 aus
1140 2287 1194 2321 die
1220 2288 1294 2321 Zeit
1317 2287 1538 2321 Alexanders.

961 2337 1012 2369 11.
1032 2337 1118 2377 quin
1137 2335 1188 2374 tv]
1207 2344 1232 2367 S.
1251 2336 1303 2374 10,
1318 2336 1349 2367 7.
1373 2352 1418 2357 —
1443 2334 1596 2366 hominis

912 2391 990 2413 cum
1017 2381 1156 2412 homine
1173 2405 1182 2414 .
1201 2403 1209 2412 .
1222 2378 1443 2419 fortunam*]
1469 2379 1544 2412 eine
1561 2379 1595 2412 in

912 2425 1206 2468 Vergleichungen
1244 2424 1483 2466 gewohnliche
1515 2423 1597 2458 Bra-

912 2471 1088 2514 chylogie3
1122 2481 1148 2503 S.
1170 2472 1221 2510 10,
1237 2471 1274 2509 3;
1309 2470 1368 2502 der
1393 2470 1485 2503 volle
1508 2471 1595 2503 Aus-

911 2516 1015 2550 druek
1041 2527 1069 2549 Ζ.
1088 2515 1123 2549 B.
1139 2517 1194 2557 44,
1215 2518 1244 2557 1,
1268 2515 1317 2548 12.
