1779 2828
67 83 94 103 a.
116 75 182 103 Chr.
205 84 233 104 n.
254 75 315 103 330.
335 75 395 103 329.
525 63 654 98 LIBER
678 62 761 98 VIII.
810 62 905 103 CAP.
934 65 988 98 19.
1015 64 1070 98 20.
1443 61 1524 100 245

69 181 261 222 Priverno
278 180 457 222 Plautius
476 181 576 221 alter
600 179 741 220 consul
765 179 999 232 pervastatis
1016 179 1162 232 passim
1180 180 1284 232 agris
1300 181 1527 233 praedaque

67 239 204 280 abacta
224 240 265 280 in
288 251 429 293 agrum
450 238 692 278 Fundanum
713 237 932 285 exercitum
954 236 1120 277 inducit.
1163 237 1406 289 ingredienti
1429 239 1530 279 fines

66 303 229 338 senatus
245 297 531 337 Fundanorum
555 295 753 345 occurrit3
776 302 926 348 negant
947 307 989 335 se
1011 307 1084 347 pro
1104 294 1281 335 Vitruvio
1298 302 1528 348 sectamque

68 355 154 396 eius
185 355 333 396 secutis
363 360 571 407 precatum
593 353 763 402 venisse,
794 353 862 407 sed
893 365 967 406 pro
990 352 1187 393 Fundano
1210 354 1375 406 populo,
1409 366 1528 405 quem

68 419 177 453 extra
200 413 357 465 culpam
378 412 472 452 belli
495 425 580 452 esse
602 412 734 464 ipsum
756 410 977 451 Vitruvium
1001 411 1207 459 iudicasse,
1232 424 1323 451 cum
1345 419 1528 464 recepta-

68 471 202 511 culum
222 471 339 522 fugae
362 470 598 510 Privernum
620 469 820 518 habuerit,
844 482 926 509 non
950 469 1118 522 patriam
1141 469 1317 510 Fundos.
1350 470 1531 510 Priverni

66 529 187 582 igitur
206 528 342 569 hostes
362 528 503 581 populi
524 528 696 568 Romani
727 527 980 580 quaerendos
1011 528 1395 580 persequendosque
1428 541 1527 576 esse,

67 587 135 639 qui
164 586 282 627 simul
313 598 333 625 a
355 585 562 627 Fundanis
592 598 637 626 ac
659 585 850 626 Romanis
871 586 1082 638 utriusque
1113 586 1263 638 patriae
1286 586 1531 626 inmemores

66 644 310 693 defecerint3
331 643 539 685 Fundanis
560 656 700 697 pacem
723 656 809 684 esse
832 650 871 683 et
896 644 1051 684 animos
1072 643 1276 684 Romanos
1308 650 1347 684 et
1378 651 1528 697 gratam

66 702 303 743 memoriam
324 708 511 756 acceptae
534 702 712 742 civitatis.
766 714 879 742 orare
911 715 953 742 se
976 702 1197 750 consulem,
1225 708 1266 742 ut
1299 701 1449 742 bellum
1481 701 1529 741 ab

67 760 234 801 innoxio
257 760 409 814 populo
431 760 649 810 abstineat;
672 773 801 812 agros,
825 759 981 807 urbem,
1000 772 1169 813 corpora
1192 760 1372 813 ipsorum
1390 760 1530 800 coniu-

66 830 243 871 gumque
274 831 320 858 ac
340 818 558 859 liberorum
582 831 749 858 suorum
779 818 820 857 in
853 824 1049 871 potestate
1081 818 1219 871 populi
1242 818 1412 858 Romani
1444 831 1531 858 esse

65 877 293 928 futuraque.
317 876 565 917 conlaudatis
582 876 788 916 Fundanis
805 876 946 916 consul
962 876 1185 929 litterisque
1203 876 1370 916 Romam
1390 876 1531 924 missis,

66 935 106 974 in
130 935 264 975 officio
281 933 498 975 Fundanos
522 947 620 983 esse,
639 933 686 974 ad
703 934 941 974 Privernum
964 934 1074 974 flexit
1094 935 1180 974 iter.
1223 935 1334 987 prius
1351 934 1530 974 animad-

65 1005 224 1033 versum
246 992 287 1032 in
311 1005 391 1041 eos,
414 993 483 1044 qui
506 992 635 1045 capita
653 992 944 1032 coniurationis
966 993 1137 1040 fuerant,
1161 1005 1181 1031 a
1204 993 1369 1033 consule
1393 992 1530 1032 scribit

67 1050 271 1100 Claudius;
294 1051 341 1090 ad
361 1056 566 1091 trecentos
583 1050 874 1102 quinquaginta
891 1063 939 1089 ex
957 1050 1177 1090 coniuratis
1194 1050 1348 1090 vinctos
1366 1051 1533 1090 Romam

66 1109 209 1149 missos
234 1120 401 1161 eamque
433 1108 677 1148 deditionem
700 1108 748 1148 ab
771 1116 911 1148 senatu
938 1121 1018 1148 non
1038 1115 1254 1161 acceptam,
1278 1108 1385 1160 quod
1409 1121 1531 1161 egen-

66 1166 167 1207 tium
188 1171 307 1219 atque
336 1167 548 1206 humilium
580 1179 711 1219 poena
742 1167 907 1219 defungi
939 1166 1037 1206 velle
1065 1166 1305 1207 Fundanum
1337 1166 1531 1219 populum

67 1225 312 1265 censuerint.
343 1225 582 1265 Privernum
603 1224 760 1264 duobus
780 1224 1062 1265 consularibus
1083 1223 1323 1265 exercitibus
1340 1237 1430 1264 cum
1455 1224 1526 1264 ob-

67 1282 278 1331 sideretur,
301 1282 402 1322 alter
421 1283 564 1323 consul
585 1283 839 1322 comitiorum
863 1295 980 1323 causa
1003 1283 1168 1323 Romam
1192 1289 1413 1322 revocatus.
1448 1295 1533 1322 car-

67 1352 179 1381 ceres
201 1353 249 1380 eo
271 1352 379 1381 anno
402 1341 442 1381 in
465 1341 573 1381 circo
595 1340 771 1393 primum
792 1341 940 1381 statuti.

70 1456 124 1496 25,
151 1456 189 1489 3:
214 1453 355 1488 seditio.
386 1473 432 1478 —-
465 1454 640 1497 Plautius]
668 1455 763 1488 seine

28 1519 33 1526 ι
68 1499 228 1534 Ankunst.
264 1500 310 1535 ist
350 1500 447 1534 nicht
484 1500 674 1535 besonders
714 1511 765 1535 er-

70 1546 198 1580 wahnt.

119 1594 174 1628 10.
190 1595 349 1634 senatus]
368 1591 618 1626 Gemeinderat.
637 1612 682 1617 —
695 1603 768 1626 sec-

70 1640 157 1680 tam]
177 1649 204 1673 s.
223 1640 279 1680 29,
300 1639 355 1680 27,
374 1640 405 1672 2.
430 1658 475 1663 —
496 1639 645 1682 populo]
666 1649 692 1672 S.
713 1641 766 1680 14,

70 1687 110 1719 4:
146 1684 305 1728 publica.
339 1685 401 1726 37,
436 1686 468 1719 9.
499 1703 544 1709 —
576 1685 766 1725 iudicasse]

72 1731 138 1764 wie
170 1741 249 1764 man
284 1741 346 1764 aus
379 1730 457 1764 dem
496 1730 603 1764 sehen
637 1730 765 1771 konne,

70 1787 144 1811 was
169 1787 206 1811 er
233 1777 361 1820 gethan
387 1777 486 1811 habe.
505 1796 550 1801 —
569 1777 721 1810 Fundos
733 1779 764 1818 *]

69 1824 115 1857 ist
155 1834 198 1857 zu
230 1825 393 1867 patriam
439 1823 684 1867 hinzugeffigt,
722 1823 766 1857 da

70 1869 226 1913 Sogleich
263 1872 453 1913 utriusque
485 1871 633 1913 patriae
666 1869 766 1914 solgt,

70 1916 152 1950 weil
167 1916 218 1950 sie
232 1915 414 1950 Fundaner
428 1916 498 1950 und
510 1915 636 1950 Romer
646 1915 766 1958 (daher

71 1964 210 1996 animos
227 1962 420 2004 Romanos)
447 1962 542 1996 seien
567 1965 607 2004 (s.
630 1964 683 2005 14,
711 1965 763 1998 10.

73 2010 127 2052 17,
156 2010 220 2052 12),
246 2009 407 2052 obgleich
427 2009 477 2042 sie
500 2019 564 2042 nur
582 2012 674 2042 cives
690 2011 767 2042 sine

6 2098 9 2101 Ι
70 2054 252 2098 suffragio
285 2055 380 2095 sind;
419 2066 462 2088 zu
488 2057 678 2098 utriusque
698 2067 766 2099 pa—

71 2102 166 2134 triae
189 2101 259 2145 vgl.
287 2101 355 2135 Cic.
382 2101 424 2135 de
450 2101 518 2144 leg.
546 2103 578 2143 2,
611 2105 647 2136 5:
685 2112 766 2135 cum

71 2150 155 2180 ortu
176 2146 403 2181 Tusculanus
420 2151 511 2180 esset
535 2147 662 2190 (Cato),
681 2151 765 2182 civi-

73 2196 146 2226 tate
163 2192 358 2235 Romanus,
377 2195 506 2227 habuit
522 2194 676 2228 alteram
695 2195 766 2228 loci

68 2241 242 2283 patriam,
267 2241 423 2274 alteram
448 2242 554 2274 iuris.

120 2287 174 2320 12.
212 2296 323 2329 agros
344 2311 352 2320 .
376 2288 397 2328 .]
430 2285 485 2320 die
513 2285 685 2321 Situation
722 2287 768 2322 ist

72 2331 140 2365 wie
157 2333 189 2374 6,
207 2334 263 2374 26,
280 2331 343 2367 4ff.
358 2352 402 2357 —
417 2343 573 2376 corpora
592 2335 766 2377 ipsorum]

72 2377 146 2411 ihre
163 2378 285 2421 eigene
305 2378 446 2420 Person,
465 2379 515 2413 sie
534 2379 644 2414 selbst
658 2390 764 2419 usw.;

72 2434 98 2457 s.
126 2424 181 2466 21,
209 2425 262 2467 13,
288 2427 320 2460 7.

122 2469 174 2503 13.
207 2471 247 2502 in
279 2469 406 2512 officio
441 2473 525 2513 esse]
563 2472 614 2505 sie
647 2471 766 2505 thaten

71 2514 145 2548 ihre
171 2514 423 2559 Schuldigkeit,
455 2518 550 2552 seien
577 2521 669 2557 treu;
705 2517 766 2552 das

70 2559 270 2595 Verbaltnis
305 2561 365 2596 der
397 2562 496 2597 stadt
528 2574 570 2597 zu
603 2562 690 2597 Rom
723 2565 764 2606 (s.

840 1457 894 1496 14,
926 1457 978 1498 10)
1005 1454 1140 1488 scheint
1171 1454 1264 1487 nicht
1299 1453 1463 1496 geandert
1490 1464 1532 1486 zu

838 1501 929 1540 sein;
969 1511 995 1534 s.
1029 1499 1151 1534 Festus
1187 1500 1219 1535 S.
1256 1502 1341 1535 233:
1379 1510 1534 1543 quarum

836 1546 1264 1590 (praefecturarmn)duo
1281 1573 1288 1579 .
1303 1572 1310 1580 .
1323 1556 1461 1588 genera
1474 1545 1535 1585 fu·

839 1597 957 1634 erant,
976 1594 1130 1626 alterum
1149 1620 1157 1628 .
1174 1620 1180 1626 .
1201 1594 1368 1634 alterum,
1387 1594 1424 1625 in
1443 1603 1533 1635 quas

839 1642 949 1682 ibant,
976 1650 1064 1683 quos
1086 1643 1234 1683 praetor
1251 1640 1413 1672 urbanus
1432 1641 1532 1681 quot-

839 1688 946 1719 annis
961 1688 998 1718 in
1013 1696 1174 1728 quaeque
1189 1685 1266 1718 loca
1284 1688 1433 1718 miserat
1447 1686 1533 1727 legi-

837 1734 919 1773 bus,
943 1736 984 1764 ut
1004 1732 1171 1774 Fundos,
1193 1732 1381 1772 Formias,
1397 1759 1403 1765 .
1420 1757 1427 1764 .
1442 1731 1533 1764 Alli-

836 1778 906 1820 fas,
932 1780 1159 1820 Privernum,
1185 1780 1405 1821 Anagniam‚
1438 1778 1534 1811 Fru-

835 1827 1010 1858 sinonem.
1036 1845 1079 1848 —
1107 1826 1227 1868 capita
1253 1826 1531 1865 coniurationis]

836 1882 862 1905 s.
884 1873 914 1913 6,
936 1874 990 1913 10,
1009 1873 1040 1905 5.
1058 1890 1102 1895 ——
1120 1871 1285 1912 fuerant]
1312 1871 1402 1905 ohne
1420 1869 1534 1904 Rfick-

836 1918 926 1951 sicht
952 1917 1012 1951 auf
1035 1917 1090 1951 die
1117 1917 1234 1951 Oratio
1261 1918 1417 1961 obliqua;
1447 1928 1473 1950 s.
1501 1919 1532 1957 3,

837 1966 867 2005 2,
894 1965 926 1998 3.
945 1982 989 1988 -
1014 1964 1198 2005 Claudius]
1225 1975 1251 1998 s.
1278 1966 1309 2005 6,
1336 1965 1391 2004 42,
1419 1966 1454 2002 5;
1482 1962 1533 1996 Li-

841 2011 915 2044 vius
942 2009 1078 2044 scheint
1104 2010 1175 2043 ihm
1203 2010 1290 2044 auch
1317 2011 1390 2044 hier
1407 2009 1533 2043 keinen

838 2056 995 2091 Glauben
1010 2067 1051 2090 zu
1067 2056 1242 2091 schenken
1258 2056 1327 2090 und
1340 2056 1391 2089 als
1405 2055 1534 2099 Haupt-

839 2103 953 2147 quelle
992 2104 1091 2137 einen
1134 2103 1283 2137 anderen
1326 2102 1530 2136 Annalisten

837 2150 981 2183 benutzt
1007 2160 1049 2183 zu
1075 2149 1198 2183 haben.

887 2198 939 2230 14.
978 2206 1055 2228 eam
1081 2196 1312 2237 deditionem]
1339 2211 1382 2223 =
1409 2204 1533 2227 eornm

836 2243 1024 2275 hominum
1050 2242 1279 2275 deditionem.
1298 2262 1341 2266 —
1364 2240 1531 2282 defungi]

839 2299 865 2322 s.
893 2290 924 2330 2,
959 2289 1014 2330 35,
1048 2289 1088 2327 3;
1126 2288 1199 2322 dass
1232 2288 1287 2322 die
1314 2286 1533 2320 Vornehmen

839 2345 908 2368 nun
928 2334 1151 2377 ausgeliefert
1169 2333 1245 2367 sind
1259 2336 1299 2375 (s.
1315 2335 1371 2373 20,
1388 2335 1433 2374 9),
1451 2331 1534 2374 geht

839 2391 902 2414 nur
928 2390 990 2414 aus
1017 2379 1094 2413 dem
1121 2379 1337 2423 Gegensatze
1364 2379 1499 2412 hervor.

883 2425 947 2462 20.
978 2428 1006 2459 1.
1033 2427 1234 2467 revocatus]
1261 2436 1287 2459 s.
1316 2428 1368 2468 17,
1398 2426 1450 2459 12.
1477 2425 1532 2466 22,

839 2474 876 2506 2:
906 2472 1058 2505 deducta
1084 2483 1117 2507 u.
1144 2482 1174 2505 a.

885 2519 916 2551 2.
951 2519 1124 2559 carceres]
1161 2527 1188 2551 S.
1220 2517 1326 2551 Varro
1361 2516 1395 2552 L.
1431 2515 1465 2550 L.
1500 2518 1532 2558 5,

839 2566 901 2599 32:
946 2574 1108 2597 carceres
1149 2564 1257 2607 dieti,
1303 2563 1400 2607 quod
1436 2574 1532 2596 coer-

1561 245 1597 279 10

1563 475 1598 508 11

1565 707 1600 740 12

1566 880 1600 913 13

1566 1055 1602 1088 14

1551 1226 1602 1320 ms>
