1731 2796
204 62 284 100 268
674 61 800 96 LIBER
825 61 906 96 Vlll.
953 61 1048 95 CAP.
1074 63 1126 95 30.
1153 63 1207 96 31.

1437 79 1463 99 a.
1487 79 1517 99 u.
1537 79 1564 100 c.
1582 72 1643 101 4⁴29.

136 188 172 220 10
202 184 269 217 aut
298 178 422 231 spolia
454 179 494 218 in
527 178 728 230 triumpho
759 179 894 217 ferret.
936 177 1088 217 litterae
1111 190 1277 230 quoque
1303 177 1351 217 de
1382 189 1425 217 re
1456 189 1648 230 prospere

204 242 311 288 gesta
334 235 381 275 ad
401 242 596 283 senatum,
619 249 701 275 non
732 235 780 274 ad
801 235 1032 274 dictatorem
1064 235 1206 275 missae
1227 239 1506 286 argumentum
1537 235 1648 274 fuere

202 293 365 332 minime
388 305 479 333 cum
500 306 546 333 eo
570 292 901 333 communica-ntis
921 291 1068 332 laudes.
1109 292 1161 331 ita
1191 297 1299 332 certe
1321 291 1488 331 dictator
1508 291 1546 331 id
1568 292 1649 331 sac-

203 357 288 389 tum
309 351 474 402 accepit,
507 356 550 390 ut
580 350 690 389 laetis
710 349 794 388 aliis
816 349 978 388 victoria
998 355 1110 400 parta
1131 361 1226 401 prae
1248 361 1290 389 se
1315 349 1438 389 ferret
1457 348 1556 388 iram
1579 348 1649 388 tri-

136 416 171 447 11
204 408 441 459 stitiamque.
493 408 612 447 misso
644 407 776 457 itaque
808 413 975 458 repente
1006 411 1146 445 senatu
1176 419 1218 446 se
1240 419 1287 446 ex
1307 406 1417 446 curia
1438 405 1649 458 proripuit,

204 470 288 504 tum
319 477 411 503 vero
445 478 524 504 non
548 464 781 503 Samnitium
806 463 929 515 magis
959 462 1137 514 legiones
1162 475 1281 514 quam
1303 463 1546 503 maiestatem
1568 462 1650 502 die-

203 522 385 561 tatoriam
419 528 457 561 et
487 521 733 572 disciplinam
766 521 972 560 militarem
995 532 1015 559 a
1040 520 1225 571 magistro
1251 520 1427 571 equitum
1450 519 1592 560 victam
1614 526 1653 558 et

136 586 172 618 12
203 591 376 618 eversam
394 579 588 626 dictitans,
607 578 638 618 si
660 578 715 617 illi
732 578 885 630 inpune
907 582 1085 630 spretum
1106 577 1317 629 imperium
1340 576 1489 617 fuisset.
1520 577 1653 628 itaque

204 636 348 687 plenus
379 636 575 675 minarum
598 635 758 686 iraeque
781 636 983 687 profectus
1005 634 1044 674 in
1068 640 1192 674 castra
1215 646 1304 674 cum
1335 633 1514 674 maximis
1535 633 1652 673 itine-

205 692 315 732 ribus
346 693 451 741 isset,
485 706 564 732 non
598 699 728 731 lamen
762 692 994 744 praevenire
1025 693 1166 731 famam
1188 691 1380 731 adventus
1410 690 1471 731 sui
1502 690 1653 743 potuit3

138 756 172 788 13
204 757 513 801 praecurrerant
544 750 648 789 enim
672 749 719 788 ab
751 749 864 795 urbe,
888 749 955 800 qui
987 749 1220 788 nuntiarent
1246 748 1478 788 dictatorem
1499 748 1655 787 avidum

206 819 358 859 poenae
380 807 528 855 venire,
551 807 711 846 alternis
732 819 859 858 paene
882 805 1012 846 verbis
1039 806 1083 845 T.
1105 805 1225 845 Manli
1247 806 1394 845 factum
1415 805 1654 845 laudantem.

322 864 467 904 Fabius
498 865 687 904 contione
719 863 916 915 extemplo
947 864 1132 902 advocata
1163 862 1380 903 obtestatus
1409 862 1552 902 milites
1583 867 1655 909 est,

208 928 262 966 ut,
296 934 373 973 qua
395 922 539 961 virtute
561 934 646 961 rem
668 921 865 973 publicam
888 920 935 960 ab
960 919 1223 960 infestissimis
1244 919 1426 960 hostibus
1456 919 1656 960 defendis-

208 986 308 1025 sent,
342 979 478 1018 eadem
500 991 555 1026 se,
579 979 690 1018 cuius
712 978 833 1017 ductu
864 977 1120 1030 auspicioque
1151 977 1348 1026 vicissent,
1379 977 1427 1016 ab
1459 976 1657 1030 inpotenti

157 1042 174 1074 2
208 1036 439 1076 crudelitate
461 1036 665 1075 dictatoris
686 1041 931 1074 tutarentur:
954 1034 1089 1074 venire
1111 1040 1308 1074 amentem
1334 1034 1491 1084 invidia,
1513 1035 1656 1074 iratum

208 1094 342 1133 virtuti
363 1093 514 1132 alienae
537 1093 813 1143 felicitatique3
846 1093 992 1140 furere,
1015 1092 1122 1143 quod
1153 1104 1196 1132 se
1218 1091 1383 1132 ahsente
1405 1104 1469 1133 res
1501 1092 1658 1145 publica

210 1151 365 1202 egregie
387 1157 494 1201 gesta
512 1157 636 1197 esset;
659 1149 788 1195 malle,
812 1149 842 1188 si
864 1155 1018 1188 mutare
1039 1149 1242 1189 fortunam
1264 1155 1411 1202 posset,
1426 1149 1530 1202 apud
1547 1149 1659 1189 Sam-

159 1216 177 1245 3
209 1208 311 1247 nites
343 1220 458 1259 quam
482 1208 683 1246 Romanos
712 1207 918 1245 victoriam
950 1219 1056 1255 esse3
1091 1206 1301 1258 imperium
1334 1206 1513 1246 dictitare
1544 1219 1658 1258 spre-

210 1271 305 1310 tum,
327 1271 525 1316 tamquam
547 1277 627 1303 non
647 1264 781 1303 eadem
805 1269 938 1302 mente
960 1264 1130 1314 pugnari
1149 1263 1327 1310 vetuerit,
1346 1276 1421 1315 qua
1438 1269 1658 1316 pugnatum

209 1321 360 1360 doleat:
394 1328 432 1361 et
463 1328 558 1360 tunc
590 1321 733 1360 invidia
755 1320 936 1372 inpedire
957 1320 1143 1359 virtutem
1164 1321 1331 1359 alienam
1353 1321 1523 1361 voluisse
1546 1321 1658 1373 cupi-

210 1379 458 1430 dissimisque
480 1391 585 1417 arma
608 1378 832 1417 ablaturum
853 1377 973 1417 fuisse
995 1377 1196 1425 militibus,
1228 1390 1279 1416 ne
1310 1390 1352 1417 se
1382 1377 1545 1417 absente
1574 1389 1660 1417 mo-

159 1442 177 1472 4
208 1436 291 1475 veri
316 1442 492 1488 possent,
515 1442 551 1475 et
575 1448 683 1475 nunc
706 1435 744 1474 id
766 1435 911 1482 furere,
934 1434 971 1473 id
995 1445 1111 1485 aegre
1133 1434 1226 1486 pati,
1249 1435 1355 1486 quod
1378 1434 1464 1474 sine
1481 1434 1525 1474 L.
1543 1434 1660 1487 Papi-

1474 1523 1661 1567 §st—

136 867 181 904 31

259 1527 310 1559 10.
344 1525 392 1557 ad
420 1527 595 1565 senatum]
629 1533 700 1561 was
734 1535 796 1557 nur
822 1523 899 1557 dem

210 1570 557 1604 kommandierenden
566 1569 751 1603 Feldherrn
765 1569 899 1611 zukam,

210 1616 372 1650 wahrend
400 1615 459 1649 der
484 1615 741 1649 Unterseldherr
766 1626 809 1649 an
835 1615 899 1648 den

969 1522 1118 1562 zuruck;
1155 1522 1278 1557 anders
1316 1525 1438 1566 itaque

948 1571 1066 1610 isset]
1093 1579 1119 1604 s.
1145 1579 1187 1603 zu
1213 1570 1268 1612 28,
1292 1570 1348 1611 46,
1376 1570 1428 1603 14.

1019 1616 1071 1648 13.
1105 1615 1256 1648 alter-nis
1287 1625 1400 1658 paene
1433 1615 1562 1656 verbis]
1593 1614 1661 1648 fast

212 1661 475 1695 Oberseldherrn
510 1672 551 1694 zu
583 1661 761 1694 berichten
786 1661 899 1700 hatte;

211 1708 285 1740 also
311 1708 386 1741 eine
412 1706 599 1740 zweisache
614 1706 822 1750 Verletzung
840 1706 900 1740 des

210 1752 397 1786 Diktators.
423 1772 467 1777 —
494 1763 573 1785 eum
597 1753 649 1795 eo]
677 1762 703 1785 s.
730 1754 761 1793 9,
790 1754 842 1793 14,
861 1754 899 1791 2;

211 1799 295 1832 siber
312 1798 373 1831 das
387 1797 535 1840 Particip
562 1800 860 1831 communicantis
873 1807 901 1832 S.

211 1854 253 1877 zu
280 1845 334 1885 26,
362 1845 416 1886 27,
446 1845 497 1877 16.
536 1864 579 1867 —
618 1845 721 1876 laetis
747 1869 754 1876 .
782 1844 804 1886 .]
830 1843 900 1886 vgl.

213 1890 267 1931 22,
282 1891 335 1929 25,
355 1890 391 1928 2;
421 1891 474 1929 23,
492 1891 542 1930 12,
561 1892 612 1923 11.
631 1909 675 1913 —
701 1891 901 1922 tristitiam—

213 1937 290 1977 que]
316 1933 457 1967 finstere
483 1934 638 1977 Strenge.

262 1982 313 2014 11.
339 1982 412 2011 tum
430 1991 512 2011 vero
532 2006 540 2013 .
559 1982 581 2020 .]
607 1980 697 2012 dann
718 1980 768 2012 sei
789 1979 823 2011 in
842 1978 901 2012 der

212 2024 301 2058 That
315 2051 322 2058 .
337 2037 367 2064 .;
387 2025 433 2057 ist
451 2024 527 2057 dem
547 2024 785 2066 bedingenden
800 2023 901 2057 Satze

212 2073 244 2103 si
269 2097 276 2104 .
304 2096 310 2104 .
336 2069 464 2109 fuisset
489 2070 747 2112 vorangestellt,
778 2069 844 2102 wie
871 2070 902 2111 6,

216 2118 268 2158 14,
293 2118 324 2149 4.
351 2134 393 2139 -
420 2117 651 2156 maiestatem]
678 2125 704 2148 s.
730 2117 762 2155 4,
791 2116 844 2156 14,
871 2116 901 2148 2.

213 2181 256 2185 —
275 2163 418 2201 viciam]
444 2171 470 2193 s.
492 2162 546 2201 28,
565 2162 601 2199 8;
628 2160 831 2193 bezeichnet
848 2159 903 2193 die

212 2206 433 2248 Vollendung
458 2207 492 2239 in
517 2206 577 2239 der
594 2205 746 2240 Zukunst
768 2205 838 2238 und
864 2215 903 2238 so

215 2252 269 2286 die
288 2252 491 2286 Gewissheit
517 2252 576 2285 der
592 2252 788 2290 Annahme3
816 2251 903 2284 auch

213 2300 245 2331 si
258 2323 266 2331 .
282 2324 289 2333 .
306 2297 435 2337 fuisset
453 2297 588 2331 vertritt
613 2298 667 2331 ein
686 2296 760 2330 Fut.
775 2300 902 2340 exact.;

214 2344 248 2376 in
275 2343 389 2376 Oratio
415 2346 526 2376 recta:
558 2345 590 2375 si
614 2345 749 2385 inpune
778 2341 904 2384 fuerit,

215 2400 335 2421 eversa
368 2392 436 2428 est;
474 2388 544 2431 vgl.
571 2391 625 2430 21,
651 2390 706 2430 43,
732 2390 771 2422 2:
806 2389 837 2420 si
863 2415 869 2422 .
895 2412 903 2421 .

216 2435 414 2467 habueritis
431 2459 439 2467 .
460 2459 468 2467 .
488 2436 650 2467 vicimus.
676 2453 720 2458 —
745 2434 820 2474 illi]
847 2443 904 2476 ge·

215 2480 293 2512 hort
317 2490 357 2512 zu
384 2481 518 2522 inpune
543 2504 551 2512 .
578 2505 585 2512 .
610 2479 750 2519 fuisset.

265 2525 316 2559 12.
336 2526 468 2567 itaque]
484 2525 565 2568 geht
579 2525 670 2567 aus§
688 2527 745 2559 1οε
764 2527 858 2557 iram
874 2548 881 2557 .
896 2548 903 2556 .

970 1660 1025 1693 bei
1039 1660 1155 1703 jedem
1170 1661 1317 1694 zweiten
1332 1659 1461 1694 Worte.
1476 1679 1520 1684 —
1533 1659 1661 1701 Manli]

970 1716 997 1739 s.
1024 1709 1055 1747 7,
1084 1709 1113 1739 1.

1016 1751 1076 1788 3L
1090 1754 1120 1786 1.
1128 1751 1239 1784 ductu
1247 1752 1492 1794 auspicioque]
1501 1761 1528 1785 s.
1537 1753 1591 1792 33,
1601 1752 1643 1784 22
1654 1765 1661 1791 ;

973 1798 1106 1832 kommt
1119 1797 1304 1840 eigentlich
1320 1807 1381 1830 nur
1393 1797 1471 1830 dem
1482 1796 1662 1830 Oberfeld-

973 1844 1072 1877 herrn
1086 1853 1127 1876 zu
1135 1842 1205 1876 und
1213 1842 1344 1876 konnte
1353 1842 1414 1875 auf
1423 1842 1488 1876 den
1499 1841 1662 1884 Magister

972 1889 1126 1932 equitum
1145 1898 1208 1921 nur
1225 1888 1313 1921 nach
1330 1887 1406 1921 dem
1425 1888 1456 1930 6,
1470 1889 1526 1929 39,
1540 1889 1562 1921 4
1579 1887 1662 1920 oder

973 1934 1043 1969 Cic.
1069 1933 1111 1967 de
1144 1934 1210 1975 leg.
1238 1935 1269 1975 3,
1293 1935 1313 1967 9
1339 1932 1661 1976 ausgesprochenen

972 1978 1162 2012 Grundsatz
1186 1979 1392 2021 tibertragen
1409 1978 1564 2018 werden;
1590 1979 1661 2021 vgl.

967 2024 1095 2066 jedoch
1111 2025 1165 2065 32,
1181 2025 1211 2058 2.
1238 2023 1283 2056 Es
1296 2023 1387 2056 kann
1402 2034 1444 2057 an
1461 2034 1494 2057 u.
1510 2023 1560 2058 St.
1574 2024 1662 2057 auch

973 2069 1183 2103 rhetorische
1209 2068 1414 2113 Steigerung
1439 2069 1524 2103 sein.

1020 2117 1050 2149 2.
1078 2116 1210 2156 venire]
1236 2115 1384 2148 n'amlich
1402 2126 1480 2148 eum
1498 2115 1663 2157 (dictato-

974 2165 1076 2201 rem);
1104 2160 1172 2203 vgl.
1198 2161 1219 2202 ξ
1246 2161 1283 2194 8:
1309 2161 1440 2195 videat.
1474 2180 1516 2185 —
1552 2160 1662 2204 apud]
1716 2195 1718 2197 ,

975 2217 1002 2240 s.
1029 2207 1060 2246 6,
1091 2208 1143 2247 11,
1170 2208 1208 2246 5;
1235 2207 1290 2248 39,
1317 2207 1371 2249 37,
1399 2208 1452 2242 13.
1476 2225 1521 2230 —
1553 2216 1662 2249 quam

975 2251 1165 2293 Romanos]
1191 2251 1280 2285 ohne
1298 2251 1568 2294 Wiederholung
1591 2262 1661 2284 von

975 2297 1086 2340 apud3
1114 2308 1139 2331 s.
1166 2298 1198 2339 3,
1225 2299 1279 2340 19,
1304 2299 1341 2337 4;
1366 2299 1400 2339 4,
1425 2298 1479 2339 58,
1504 2299 1544 2336 4;
1571 2298 1603 2338 9,
1631 2299 1662 2339 1,

977 2344 1034 2381 11;
1064 2345 1116 2383 10,
1142 2344 1198 2385 26,
1225 2344 1286 2382 13;
1313 2344 1368 2385 27,
1394 2343 1449 2384 43,
1476 2344 1506 2376 7.

1021 2390 1052 2422 3.
1077 2388 1398 2432 cupidissimisque]
1427 2387 1576 2421 niimlich
1593 2398 1662 2430 pu-

971 2434 1131 2476 gnandi,
1166 2444 1239 2467 was
1277 2433 1383 2467 durch
1420 2443 1522 2466 arma
1561 2442 1664 2476 ange-

977 2479 1093 2512 deutet
1118 2480 1173 2513 ist.

1022 2527 1053 2558 4.
1091 2525 1131 2558 id
1162 2523 1298 2566 furere]
1333 2534 1358 2559 s.
1386 2525 1441 2568 24,
1467 2526 1498 2567 8,
1525 2527 1586 2559 17:
1623 2524 1663 2557 id
