1779 2828
560 89 687 124 LIBER
712 88 801 123 VII..
829 88 924 122 CAP.
949 92 1005 123 40.

79 111 108 135 a.
125 103 192 132 Chr.
214 111 242 131 n.
263 104 326 130 342.
1448 86 1529 125 189

79 215 216 262 partae
246 208 424 261 gloriam,
457 219 540 246 non
570 205 774 245 victoriam
807 204 959 243 darent.
1002 204 1094 243 satis
1124 205 1197 243 fuit
1228 205 1395 256 eritque,
1427 205 1534 244 unde
1563 211 1581 242 5

78 267 173 307 belli
190 267 311 306 decus
326 265 523 317 pariatur;
545 257 639 302 hinc
662 275 736 315 pax
758 261 926 325 petenda
950 267 1022 300 est.
1062 261 1168 312 quod
1190 261 1284 301 deos
1303 262 1533 302 inmortales

81 325 187 364 inter
207 321 477 374 nuncupanda
492 326 582 360 vota
604 319 833 384 expoposci,
857 319 942 358 eius
963 330 1026 357 me
1050 324 1264 370 conpotem
1288 319 1366 358 voti
1388 333 1455 359 xos
1476 321 1534 359 fa-

83 394 175 422 cere
191 380 370 433 potestis,
399 379 432 419 si
454 378 684 418 meminisse
711 377 824 417 vultis
846 389 929 415 non
950 389 1019 415 vos
1041 376 1081 415 in
1101 376 1261 415 Samnio
1295 377 1425 415 necin
1444 377 1536 416 Vol-

81 439 172 487 scis,
194 437 316 478 sedin
334 437 516 476 Romano
533 436 617 475 solo
641 441 768 475 castra
786 433 944 481 habere,
966 434 999 473 si
1020 433 1107 473 illos
1131 433 1263 481 colles,
1287 446 1387 485 quos
1404 434 1534 473 cerni-

81 497 143 544 tis,
173 495 324 548 patriae
345 500 499 534 vestrae
522 506 620 540 esse,
653 493 686 533 si
707 493 817 532 hunc
839 491 1058 531 exercitum
1081 491 1223 530 civium
1244 498 1481 538 vestrorum,
1504 491 1536 531 si

78 565 145 593 me
167 553 375 593 consulem
396 558 586 597 vestrum,
610 551 722 591 cuius
743 549 867 589 ductu
894 549 1153 601 auspicioque
1183 549 1317 600 priore
1347 561 1454 588 anno
1475 548 1536 588 his

23 632 28 637 ·
81 610 260 662 legiones
283 609 519 650 Samnitium
550 608 719 655 fudistis,
749 607 810 647 bis
838 613 966 647 castra
988 607 1023 645 vi
1053 606 1224 658 cepistis.
1278 619 1351 658 ego
1374 619 1462 646 sum
1485 606 1538 646 Μ.

80 668 259 708 Valerius
276 667 438 714 Corvus,
455 667 611 713 milites,
630 666 743 706 cuius
759 678 828 704 vos
851 664 1098 704 nobilitatem
1120 664 1324 703 beneficiis
1345 676 1437 716 erga
1453 677 1535 711 vos,

81 739 165 766 non
188 725 345 765 iniuriis
366 724 559 772 sensistis,
585 723 731 764 nullius
753 722 949 775 superbae
975 722 1015 761 in
1040 735 1107 761 vos
1136 722 1246 773 legis,
1275 721 1421 761 nullius
1444 734 1535 761 cru-

81 782 179 823 delis
205 789 367 823 senatus
399 782 571 822 consulti
605 788 754 828 auctor,
788 780 827 820 in
853 779 1040 819 omnibus
1071 780 1170 819 meis
1199 779 1377 831 imperiis
1409 779 1450 818 in
1473 792 1536 818 me

81 841 257 881 severior
278 853 398 892 quam
419 840 459 879 in
482 853 563 879 vos.
605 852 649 879 ac
672 839 704 879 si
727 838 789 878 cui
821 851 962 890 genus,
995 837 1027 877 si
1060 837 1122 876 cui
1157 849 1227 876 sua
1249 837 1387 884 virtus,
1418 837 1450 876 si
1473 837 1539 876 cui

83 898 199 938 etiam
227 899 431 945 maiestas,
461 897 494 937 si
524 897 588 936 cui
617 897 794 936 honores
824 895 995 935 subdere
1028 895 1190 947 spiritus
1219 900 1460 947 potuerunt,
1491 894 1538 934 iis

84 968 192 996 eiam
217 962 346 1002 natus,
364 956 402 994 id
424 954 627 1007 specimen
651 954 728 993 mei
756 953 954 1000 dederam
978 965 1021 992 ea
1044 958 1171 992 aetate
1194 952 1446 992 consulatum
1470 952 1537 991 ad-

84 1019 200 1066 eptus
217 1026 339 1060 eram,
361 1019 404 1052 ut
427 1013 627 1064 potuetim
646 1011 719 1051 tris
741 1018 779 1050 et
801 1011 937 1063 viginti
961 1023 1089 1050 annos
1112 1016 1230 1050 natus
1252 1009 1395 1049 consul
1416 1009 1538 1061 patri-

82 1071 159 1111 bus
180 1083 339 1122 quoque
357 1071 469 1110 ferox
491 1083 588 1118 esse,
607 1082 689 1109 non
708 1069 835 1109 solum
854 1067 974 1121 plebi.
1009 1068 1113 1120 quod
1136 1080 1268 1107 meum
1291 1068 1439 1107 factum
1457 1067 1540 1106 dic-

84 1134 216 1168 tumve
239 1128 414 1168 consulis
436 1127 592 1180 gravius
614 1139 732 1179 quam
753 1126 904 1166 tribuni
922 1123 1114 1165 audistis?
1137 1126 1275 1165 eodem
1297 1132 1437 1164 tenore
1460 1126 1537 1164 duo

84 1186 344 1238 insequentes
374 1185 604 1225 consulatus
636 1184 762 1237 gessi,
794 1184 932 1223 eodem
966 1184 1063 1223 haec
1093 1183 1307 1235 imperiosa
1344 1183 1539 1222 dictatura

87 1250 248 1296 geretur
270 1255 401 1295 neque
422 1243 464 1282 in
488 1243 560 1282 hos
589 1255 700 1282 meos
729 1248 766 1282 et
793 1241 943 1293 patriae
966 1253 1076 1280 meae
1099 1241 1244 1281 milites
1265 1241 1400 1280 mitior
1423 1252 1540 1292 quam

87 1302 128 1340 in
150 1314 220 1341 vos
240 1324 296 1329 —
317 1301 464 1340 horreo
493 1300 625 1340 dicere
655 1323 713 1328 —
741 1300 878 1339 hostis.
928 1311 1023 1350 ergo
1046 1311 1114 1338 vos
1136 1299 1247 1350 prius
1269 1298 1309 1337 in
1334 1311 1396 1338 me
1419 1298 1541 1338 strin-

86 1358 224 1398 xeritis
240 1359 391 1398 ferrum
414 1370 532 1409 quam
549 1358 590 1397 in
607 1371 676 1397 vos
699 1369 793 1410 ego;
811 1357 927 1397 istinc
942 1357 1054 1409 signa
1072 1362 1229 1403 canent,
1252 1355 1372 1395 istinc
1393 1355 1542 1395 elamor

844 1469 1103 1513 jugendlichem
1135 1460 1322 1502 Ubermute
1357 1472 1544 1511 entgegen-

850 1520 974 1549 treten.
1015 1514 1080 1547 Der
1106 1514 1205 1547 Dativ
1230 1515 1273 1547 ist
1300 1514 1363 1547 frei
1388 1513 1457 1547 und
1483 1524 1544 1546 un-

850 1561 1088 1605 gew6linlich;
1116 1561 1183 1602 vgl.
1206 1562 1332 1601 gravis
1359 1561 1413 1600 37,
1435 1562 1492 1599 1Ο;
1512 1561 1544 1602 9,

87 1474 167 1515 que]
185 1482 212 1506 s.
234 1473 264 1511 1,
279 1473 333 1513 31,
348 1473 384 1509 7;
411 1470 471 1504 der
488 1470 651 1514 doppelte
669 1471 778 1504 Accu-

88 1517 178 1551 sativ
203 1517 257 1550 bei
284 1527 392 1560 posco
418 1517 464 1550 ist
490 1516 619 1560 haufig,
644 1516 706 1550 der
722 1516 777 1550 bei

87 1574 241 1606 eoeposeo
256 1563 291 1607 (ξ
307 1565 339 1605 5)
353 1562 462 1596 findet
480 1563 553 1596 sich
571 1568 668 1596 sonst
685 1562 779 1596 nicht

87 1609 210 1647 leicht;
235 1610 305 1651 vgl.
331 1610 362 1649 2,
381 1610 436 1648 35,
456 1612 486 1643 5.
504 1628 548 1632 —
563 1609 725 1651 gloriam
745 1634 752 1642 .
772 1635 779 1642 .

88 1656 292 1696 victoriam]
318 1654 387 1697 vgl.
415 1656 447 1695 2,
475 1656 529 1695 29,
556 1657 591 1693 9:
619 1657 650 1697 9,
677 1656 780 1695 2,15.

137 1703 168 1736 5.
193 1701 289 1741 hinc]
316 1700 418 1735 naml.
445 1711 462 1732 e
487 1702 634 1734 civibus.
659 1720 703 1724 —-
728 1702 783 1732 in-

91 1746 157 1788 ter]
183 1748 268 1788 s.·6,
295 1748 348 1786 11,
376 1748 407 1779 5.

138 1793 169 1826 6.
203 1795 241 1825 in
275 1792 425 1832 Volscis]
463 1791 545 1824 weil
582 1790 642 1824 der
677 1791 785 1824 Name

91 1838 152 1872 des
185 1837 318 1871 Landes
354 1837 455 1875 fehlt;
493 1847 521 1870 s.
547 1839 578 1879 9,
605 1838 659 1877 38,
687 1839 715 1870 ἵ,
741 1857 786 1860 -

91 1884 211 1926 colles]
245 1894 272 1918 s.
304 1886 335 1926 5,
363 1885 417 1925 54,
444 1885 474 1917 3.
512 1903 554 1907 ——
593 1883 785 1924 consulem]

92 1929 180 1963 wird
217 1929 324 1963 durch
361 1929 422 1963 das
464 1928 625 1972 folgende
659 1931 786 1972 priore

92 1987 188 2009 anno
214 1976 320 2009 niiher
346 1975 661 2018 gekennzeichnet;
697 1975 785 2008 eben

92 2021 243 2056 darnach
256 2021 302 2055 ist
316 2021 402 2055 auch
418 2021 439 2064 ξ
457 2022 517 2056 16:
533 2022 667 2062 consul,
687 2021 707 2064 ξ
725 2023 782 2054 1ῖε

91 2069 167 2101 suis
190 2067 367 2101 militibus
391 2078 434 2100 zu
458 2067 653 2101 verstehen.

141 2115 171 2148 8.
196 2115 228 2146 si
253 2115 312 2147 cui
333 2115 462 2156 genus]
488 2123 514 2146 s.
542 2114 596 2154 32,
626 2114 686 2152 13;
720 2112 785 2146 den

94 2160 114 2193 2
129 2162 244 2193 ersten
257 2159 418 2193 Gliedern
437 2159 500 2192 mit
513 2160 545 2191 si
557 2159 785 2202 entsprechen

93 2206 141 2238 iis
155 2231 164 2239 .
180 2205 250 2247 ,id,
269 2204 336 2239 den
356 2207 375 2239 2
396 2204 582 2248 folgenden
603 2216 644 2238 ea
659 2208 786 2238 aetate.

94 2270 139 2276 —-
163 2252 210 2283 iis
233 2253 344 2292 eram]
371 2261 410 2284 so
436 2261 507 2284 war
536 2250 592 2284 ich
617 2251 652 2284 in
676 2250 788 2284 dieser

94 2296 203 2339 Lage;
238 2296 328 2330 denn
358 2296 414 2330 ich
439 2322 448 2330 .
475 2310 502 2335 .;
528 2306 556 2331 s,
583 2297 638 2338 32,
666 2297 718 2331 13.
743 2315 788 2321 ——

95 2342 180 2384 iifl]
207 2342 414 2384 Vorsahren,
439 2343 474 2376 in
500 2342 619 2385 Bezug
644 2342 705 2375 auf
723 2353 787 2385 ge-

95 2399 174 2422 nus.
198 2407 244 2413 —
276 2388 316 2421 id
346 2390 534 2431 specimen]
569 2398 596 2422 s.
622 2387 706 2432 Kap.
733 2390 787 2422 26.

95 2451 142 2459 -
161 2436 356 2478 potuerim]
382 2444 408 2468 s.
435 2436 467 2476 4,
485 2436 523 2472 4;
551 2435 582 2476 3,
608 2435 662 2476 29,
689 2436 720 2469 3.
744 2453 789 2458 ——

99 2481 166 2511 tris
196 2484 229 2513 et
259 2482 424 2523 viginti.
446 2481 467 2522 .]
494 2479 700 2513 wiederholt
730 2479 788 2513 be-

100 2524 268 2559 stimmter
301 2525 367 2559 den
401 2526 437 2559 in
468 2537 509 2559 ea
537 2528 654 2559 aetate
686 2535 790 2568 ange-

102 2569 263 2604 deuteten
298 2570 436 2614 Begriff.
469 2591 512 2597 —-
549 2570 718 2612 fer-own]
755 2571 790 2603 in

854 1610 905 1649 18,
925 1610 960 1646 43
988 1605 1152 1647 de'fficz'lis
1178 1608 1208 1645 3,
1235 1607 1288 1645 36,
1316 1608 1335 1639 2
1362 1616 1393 1639 u,
1420 1616 1450 1638 a.

899 1656 930 1687 9.
944 1664 1061 1685 meum
1072 1679 1079 1686 .
1090 1677 1097 1684 .
1111 1652 1276 1693 consulis]
1292 1662 1318 1686 s.
1329 1654 1360 1692 9,
1373 1653 1402 1685 8.
1418 1653 1544 1693 33,10:

852 1702 1016 1732 nostr-um
1030 1698 1207 1741 peditum
1228 1698 1295 1731 Cic.
1314 1697 1398 1731 Phil.
1414 1699 1445 1739 2,
1463 1700 1522 1732 111
1538 1712 1544 1731 :

857 1749 958 1777 tuum
996 1745 1150 1776 hominis
1195 1744 1367 1786 simplicis
1400 1747 1544 1786 pectus;

857 1790 1013 1833 h'aufiger
1038 1790 1130 1823 steht
1161 1790 1215 1822 ein
1241 1789 1435 1823 Pronomen
1449 1789 1546 1869 7oder

857 1837 1033 1870 Zahlwort
1066 1836 1111 1868 im
1134 1835 1297 1874 Genetiw
1332 1846 1358 1870 s.
1391 1837 1421 1876 8,

860 1885 912 1923 10,
941 1883 992 1923 16,
1020 1884 1051 1916 4.
1069 1902 1114 1906 -
1140 1882 1259 1915 eodem
1278 1884 1412 1923 tenoye]
1439 1892 1465 1915 s.
1472 1839 1546 1925 32,

860 1931 917 1967 16,
946 1930 1075 1969 2215,
1106 1930 1133 1961 1.
1158 1947 1203 1951 —
1227 1930 1433 1971 imper-iesu]
1460 1939 1486 1962 s.
1515 1929 1547 1969 3,

858 1977 914 2014 26,
942 1976 994 2009 12.
1020 1994 1064 1998 —
1089 1975 1246 2017 neque]*

905 2023 956 2054 10.
978 2021 1076 2062 ergo]
1089 2019 1108 2040 *
1121 2040 1164 2044 —
1178 2023 1405 2053 strinxeritis
1423 2046 1430 2054 .
1446 2047 1454 2055 .
1470 2023 1547 2063 ego]

856 2067 958 2100 niiml.
972 2068 1177 2099 strinxere:
1197 2067 1250 2099 ihr
1270 2067 1401 2100 werdet
1422 2066 1502 2100 eher
1516 2092 1523 2099 .
1540 2092 1547 2100 .

856 2123 1011 2156 gezogen
1046 2112 1156 2145 haben
1189 2112 1239 2146 als
1272 2113 1327 2146 ich
1360 2140 1368 2148 .
1396 2140 1401 2146 .
1436 2113 1549 2146 haben

857 2159 988 2197 werden
1016 2159 1095 2191 wir:
1121 2158 1173 2191 ihr
1191 2159 1296 2192 miisst
1322 2159 1403 2192 eher
1428 2158 1548 2191 ziehen

856 2215 961 2243 uSW.;
981 2205 1052 2247 vgl.
1071 2205 1092 2248 ξ
1110 2206 1168 2238 14:
1188 2204 1374 2244 fueris(=
1388 2204 1433 2236 du
1454 2204 1550 2236 wirst

858 2251 1031 2293 erlangen,
1054 2249 1127 2283 dass
1148 2249 1192 2283 du
1207 2250 1426 2288 erscheinst);
1448 2251 1479 2290 8,
1494 2250 1549 2290 33,

860 2298 897 2330 8:
924 2297 1066 2335 vider-m
1093 2297 1147 2335 28,
1166 2298 1220 2336 44,
1242 2297 1299 2329 18;
1325 2297 1453 2327 vicero.
1501 2294 1549 2328 Im

859 2341 1044 2385 folgenden
1079 2341 1170 2374 steht
1199 2341 1260 2373 das
1293 2340 1448 2374 einsache
1485 2340 1550 2374 Fu-

859 2391 990 2426 turum;
1017 2397 1044 2420 s.
1071 2397 1113 2419 zu
1139 2388 1170 2426 6,
1194 2388 1245 2426 19,
1265 2389 1294 2419 7.
1343 2385 1404 2419 Die
1432 2385 1549 2420 Worte

859 2432 935 2466 sind
949 2432 1147 2465 kunstreich
1168 2431 1344 2474 geordnet,
1363 2434 1468 2474 prius
1481 2433 1552 2466 chi-

861 2478 989 2511 astisch
1003 2478 1048 2510 im
1064 2477 1190 2510 dritten
1205 2477 1323 2511 Gliede
1336 2478 1550 2520 wiederholt,

861 2524 942 2557 aber
972 2523 1059 2556 auch
1093 2523 1139 2555 im
1163 2523 1311 2557 zweiten
1342 2534 1383 2557 zu
1415 2523 1550 2558 denken

862 2569 945 2612 (vgl.
970 2571 1003 2610 4,
1030 2569 1060 2611 2,
1089 2570 1138 2611 1);
1168 2571 1285 2612 magis
1317 2569 1408 2603 steht
1432 2570 1466 2603 in
1491 2569 1551 2604 der

1566 383 1585 415 6

1575 1304 1610 1336 10
