1731 2796
175 61 227 99 50
253 34 256 37 ’
667 58 793 92 LIBER
821 58 912 94 vnn.
951 58 1044 93 CAP.
1072 61 1125 93 21.
1353 76 1464 98 a.u.0.
1485 68 1622 99 438.439.

175 176 297 228 ipsius
320 175 499 215 coloniae
523 175 700 227 patroni:
735 187 809 214 nec
830 187 936 214 arma
967 174 1085 214 modo
1109 174 1177 214 sed
1199 174 1284 214 iura
1307 173 1423 214 etiam
1444 174 1621 214 Romana

175 234 250 272 late
272 232 486 285 pollebant.
804 230 808 232 ’

106 294 154 329 21
292 289 332 329 C.
356 290 493 329 Iunius
514 288 716 328 Bubulcus
749 295 787 327 et
818 288 864 334 Q.
888 288 1075 328 Aemilius
1097 287 1266 327 Barbula
1298 287 1483 328 consules
1515 287 1620 327 exitu

175 348 269 386 anni
291 360 372 386 non
397 345 627 386 consulibus
650 345 697 384 ab
720 358 760 385 se
783 345 935 393 creatis,
969 345 1035 396 Sp.
1057 345 1199 384 Nautio
1223 352 1262 384 et
1286 345 1335 384 M.
1360 344 1523 396 Popilio,
1556 357 1621 383 ce-

125 411 142 442 2
173 412 300 444 terum
324 403 505 443 dictatori
528 403 570 441 L.
594 402 756 442 Aemilio
782 402 958 454 legiones
986 402 1245 441 tradiderunt.
1296 403 1328 442 is
1350 414 1440 442 cum
1463 401 1506 440 L.
1530 400 1622 440 Ful-

174 462 234 501 vio
267 461 451 512 magistro
484 460 662 511 equitum
695 460 903 499 Saticulam
936 471 1169 511 oppugnare
1200 460 1360 498 adortus
1402 458 1621 498 rebellandi

125 528 141 556 3
173 531 329 558 causam
354 516 595 557 Samnitibus
617 516 734 556 dedit.
786 516 929 568 duplex
961 516 1052 555 inde
1084 523 1214 555 terror
1244 516 1388 556 inlatus
1410 515 1618 555 Romanis:

176 576 267 614 hinc
291 575 444 614 Samnis
473 586 617 625 magno
641 574 817 613 exercitu
840 579 976 612 coacto
1000 573 1046 612 ad
1069 573 1296 613 eximendos
1328 573 1535 613 obsidione
1556 585 1622 612 so-

177 633 257 672 cios
278 631 381 670 haud
403 630 545 682 procul
567 631 704 670 castris
726 630 995 669 Romanorum
1017 637 1141 669 castra
1166 630 1320 682 posuit;
1351 630 1446 669 hinc
1468 629 1620 669 Saticu-

175 689 253 728 lani
275 701 418 740 magno
451 700 541 727 cum
572 688 742 726 tumultu
775 687 978 738 patefactis
1008 692 1174 738 repente
1204 687 1331 738 portis
1360 687 1401 726 in
1433 687 1622 727 stationes

126 754 141 783 4
173 746 346 785 hostium
369 745 638 784 incurrerunt.
680 744 771 783 inde
794 756 885 796 pars
908 750 1085 795 utraque,
1114 756 1182 795 spe
1205 743 1322 782 alieni
1344 744 1467 795 magis
1488 743 1620 782 auxilii

176 815 290 854 quam
308 801 457 841 viribus
478 802 576 840 freta
599 802 691 849 suis,
714 802 816 840 iusto
839 813 929 840 mox
951 800 1103 852 proelio
1126 800 1224 839 inito
1242 800 1444 840 Romanos
1465 807 1621 852 urgent,

176 868 213 899 et
230 871 466 911 quamquam
490 871 637 910 anceps
654 858 851 898 dimicatio
869 864 962 904 erat,
985 863 1115 897 tamen
1138 857 1337 908 utrimque
1359 863 1483 897 tutam
1499 856 1621 896 aciem

177 917 343 956 dictator
364 915 513 964 habuit,
538 916 628 967 quia
651 922 689 955 et
709 916 840 955 locum
863 915 963 954 haud
987 915 1139 954 facilem
1162 915 1207 953 ad
1231 913 1622 954 circumveniendum

123 981 140 1011 5
175 974 279 1026 cepit
301 981 339 1013 et
361 973 511 1012 diversa
533 974 669 1012 statuit
690 973 814 1024 signa.
857 972 1037 1011 infestior
1065 978 1197 1011 tamen
1221 971 1260 1011 in
1284 978 1539 1024 erumpentes
1560 971 1622 1009 in-

177 1031 291 1070 cessit
323 1043 396 1070 nec
429 1042 571 1082 magno
602 1030 816 1069 certamine
847 1029 951 1068 intra
982 1029 1138 1068 moenia
1170 1028 1363 1081 conpulit,
1394 1035 1479 1068 tum
1501 1034 1622 1068 totam

126 1096 143 1124 0²
175 1089 297 1127 aciem
320 1088 359 1127 in
379 1088 573 1127 Samnites
592 1087 771 1126 obvertit.
804 1086 856 1125 ibi
873 1086 963 1138 plus
981 1086 1208 1125 certaminis
1224 1086 1318 1134 fuit3
1340 1085 1502 1125 victoria
1522 1085 1624 1125 sicut

176 1157 274 1191 sera,
307 1146 358 1184 ita
391 1157 464 1183 nec
486 1144 603 1183 dubia
635 1156 709 1183 nec
738 1143 841 1182 varia
872 1143 957 1182 fuit.
1009 1143 1085 1182 fusi
1116 1143 1155 1182 in
1180 1149 1305 1182 castra
1329 1142 1524 1182 Samnites
1555 1154 1622 1180 ex-

176 1202 307 1241 tinctis
338 1207 456 1241 nocte
487 1200 646 1252 ignibus
676 1200 793 1240 tacito
826 1200 980 1252 agmine
1012 1200 1158 1239 abeunt
1190 1206 1228 1240 et
1259 1212 1329 1252 spe
1351 1200 1501 1239 abiecta
1523 1199 1622 1239 Sati-

176 1259 286 1298 culae
304 1258 473 1298 tuendae
485 1258 681 1297 Plisticam
697 1258 783 1309 ipsi,
801 1257 929 1297 socios
940 1257 1224 1306 Romanorum,
1242 1263 1285 1296 ut
1301 1269 1435 1308 parem
1446 1256 1622 1296 dolorem

178 1316 281 1355 hosti
302 1315 527 1363 redderent,
560 1315 860 1354 circumsidunt.

934 1424 1028 1454 μεως
1057 1410 1178 1458 ἁδρᾶς.
1228 1433 1269 1437 -
1309 1416 1436 1455 socios]
1471 1412 1620 1447 Saticula

172 1404 336 1459 patroni]
385 1415 438 1447 die
480 1415 688 1448 vornehmen
731 1414 865 1455 Rt5mer,

935 1469 1006 1492 war
1032 1459 1104 1492 also
1138 1458 1238 1492 keine
1263 1460 1485 1492 samnitische
1510 1458 1620 1493 Stadt.

180 1461 312 1494 welche
339 1472 404 1493 von
425 1461 600 1493 einzelnen
622 1460 763 1494 Stadten
784 1460 865 1493 oder

176 1517 305 1550 ganzen
318 1506 469 1539 Landern
483 1516 556 1548 vem
563 1507 634 1539 ahl
645 1506 796 1540 wurden
810 1516 864 1538 um

176 1563 240 1586 ion
261 1553 364 1585 ihnen
387 1552 420 1584 in
439 1551 730 1585 vorkommenden
748 1552 863 1584 Fallen

176 1609 217 1632 zu
242 1597 328 1630 Rom
356 1601 526 1630 vertreten
554 1608 594 1630 zu
622 1598 771 1630 werden.
822 1597 865 1630 Es

176 1644 221 1677 ist
247 1643 306 1677 das
333 1647 422 1676 erste
448 1642 611 1686 Beispiel,
638 1642 712 1676 dass
731 1643 785 1676 die
803 1642 865 1675 Pa-

178 1695 274 1722 trone
301 1689 399 1721 einen
425 1689 565 1721 solchen
585 1689 731 1731 Austrag
757 1688 865 1722 erhal·

179 1739 254 1772 ten;
281 1746 305 1767 s.
333 1734 399 1767 Cic.
426 1734 458 1765 in
488 1734 578 1767 Verr.
607 1735 729 1775 2,122.

221 1790 378 1826 21-22.
406 1790 548 1834 Kampse
563 1801 617 1823 um
634 1790 784 1824 Saticula
798 1791 865 1824 und

177 1836 326 1870 Plistica.
353 1836 449 1871 Diod.
471 1839 523 1879 19,
546 1838 599 1869 65.
626 1838 680 1870 72.

226 1895 254 1927 1.
289 1895 455 1934 ceterum]
490 1893 576 1925 nach
610 1892 668 1925 der
695 1891 864 1935 Negation

178 1955 220 1967 =
240 1939 316 1977 secl3
344 1949 371 1971 s.
390 1940 444 1980 28,
468 1941 520 1979 11,
539 1941 569 1971 7.
604 1957 647 1961 —
680 1938 863 1978 dictatore]

179 1984 306 2016 ebenso
333 1983 387 2017 die
413 1983 701 2026 kapitolinischen
720 1983 861 2023 Fasten;

179 2028 304 2062 Diodor
330 2029 483 2062 erwahnt
509 2028 566 2061 ihn
593 2028 697 2061 nicht.

224 2087 253 2118 2.
281 2084 514 2129 Saticulam&
546 2085 632 2118 nach
659 2084 717 2118 der
743 2083 863 2117 Unter-

179 2130 334 2172 werfung
352 2131 517 2173 Apuliens
542 2131 702 2163 scheinen
723 2130 777 2163 die
797 2129 862 2163 Re-

178 2186 249 2209 mer
275 2186 342 2209 von
362 2176 502 2209 Westen
529 2175 588 2209 her
613 2175 666 2208 die
686 2175 861 2209 Samniten

179 2221 388 2265 angegriffen
414 2221 483 2254 und
509 2221 602 2255 diese
628 2221 699 2254 sich
727 2221 861 2254 dorthin

180 2277 288 2310 gegen
305 2267 358 2301 die
374 2266 497 2300 Romer
507 2267 669 2309 gewandt
683 2277 723 2300 zu
739 2267 861 2300 haben.

177 2332 221 2337 —
236 2313 445 2354 rebellandi]
457 2314 488 2345 in
500 2312 615 2355 Bezug
629 2311 864 2346 aufdenWas-

179 2358 410 2392 senstillstand
436 2360 490 2400 20,
505 2360 535 2392 3.

226 2416 256 2449 3.
283 2416 386 2448 ltine.
402 2440 409 2447 .
431 2416 524 2456 hinc]
551 2424 578 2447 S.
600 2417 651 2456 10,
667 2416 720 2456 38,
738 2416 794 2453 16;
821 2425 862 2447 zu

182 2463 209 2497 1.
241 2462 290 2500 13,
318 2462 347 2493 2.
388 2480 431 2484 —
471 2471 602 2501 magno
629 2462 790 2493 eoeercicza
811 2484 818 2493 .
840 2461 862 2500 .]

180 2504 320 2538 Diodor:
353 2502 590 2549 ἐπεφάνησαν
631 2503 721 2548 μετὰ
760 2502 864 2538 δυνό-

935 1524 979 1527 -
1004 1505 1243 1545 Satz'culaui]*

980 1552 1011 1585 4.
1038 1550 1150 1582 alieni
1163 1575 1170 1583 .
1186 1574 1193 1583 .
1208 1553 1294 1591 suis]
1321 1549 1426 1583 durch
1444 1549 1621 1584 Chiasmus

935 1596 1010 1629 sind
1031 1595 1086 1629 die
1103 1595 1314 1639 Gegensatze
1333 1595 1509 1638 gehoben3
1535 1595 1621 1630 auch

935 1641 989 1674 die
1008 1640 1166 1684 Stellung
1188 1641 1247 1675 der
1266 1640 1402 1675 Worter
1417 1643 1536 1683 magis
1553 1641 1623 1675 und

935 1686 1104 1726 fretoeist
1129 1697 1170 1720 zu
1196 1686 1375 1721 beachten.
1407 1706 1453 1711 —
1481 1688 1622 1729 anceps]

936 1733 1006 1765 hier
1017 1733 1061 1765 im
1076 1732 1304 1775 eigentlichen
1320 1732 1442 1766 Sinne:
1458 1734 1623 1766 vonzwei

938 1779 1054 1811 Seiten
1090 1778 1251 1811 drohend.
1293 1797 1336 1802 —
1377 1780 1515 1818 habuit]
1552 1778 1621 1820 vgl.

935 1826 990 1864 20,
1010 1826 1040 1857 2.
1059 1843 1101 1848 ——
1120 1824 1218 1856 haud
1236 1823 1383 1863 facilem
1401 1824 1461 1864 ad]
1481 1823 1548 1865 vgl.
1567 1825 1622 1864 27,

939 1871 990 1910 11,
1006 1871 1044 1908 53
1071 1871 1124 1910 28,
1144 1871 1198 1911 34,
1213 1870 1243 1903 2.
1269 1889 1308 1894 -
1331 1871 1444 1910 cepit.
1458 1893 1466 1902 .
1480 1870 1622 1909 statuit]

935 1924 1014 1947 man
1030 1920 1212 1947 erwartete
1232 1915 1329 1947 beide
1342 1913 1432 1947 Male
1450 1914 1510 1947 das
1523 1913 1621 1947 Plus-

935 1960 1622 2045 {5353sglfssssnss,;„{;,ss;¹,335?„3’s‘{3,w

935 2049 1107 2092 gewandt.

980 2099 1010 2129 5.
1038 2097 1200 2135 obvertit]
1228 2105 1253 2127 s.
1281 2105 1322 2128 zu
1349 2097 1403 2136 35,
1432 2096 1463 2130 2.

979 2142 1008 2174 6.
1041 2151 1104 2173 nee
1135 2165 1142 2174 .
1161 2165 1169 2173 .
1196 2141 1311 2181 varia]
1344 2140 1374 2174 d.
1402 2140 1434 2174 h.
1461 2141 1622 2183 nirgends

933 2185 1183 2223 schwankend;
1204 2196 1230 2219 s.
1246 2189 1274 2227 1,
1287 2187 1342 2228 33,
1357 2188 1392 2226 4;
1417 2187 1447 2228 2,
1463 2188 1495 2228 6,
1511 2188 1562 2220 10.
1577 2205 1620 2210 -

931 2230 1016 2272 fuit]
1036 2232 1120 2264 nach
1135 2232 1245 2265 einem
1263 2231 1484 2265 unmittelbar
1497 2231 1622 2265 vorher

934 2277 1163 2319 gebrauchten
1181 2276 1268 2316 fuit;
1295 2287 1321 2310 s.
1340 2287 1381 2310 zu
1401 2279 1431 2317 3,
1451 2280 1482 2319 5,
1504 2279 1558 2311 14.
1576 2295 1620 2300 —

937 2322 1151 2364 Saticulae]*
1169 2342 1210 2347 —
1226 2321 1444 2363 Plisticam*]
1461 2322 1617 2355 westlich

935 2378 987 2401 am
1014 2367 1192 2401 Taburnus
1218 2368 1374 2410 gelegen,
1400 2368 1459 2401 hat
1484 2367 1556 2401 sich
1575 2377 1616 2400 an

935 2414 988 2447 die
1014 2413 1138 2447 Romer
1156 2413 1422 2456 angeschlossen
1447 2412 1515 2447 und
1541 2413 1618 2447 eine

935 2459 1103 2492 romische
1140 2458 1335 2500 Besatzung
1372 2459 1536 2493 erhalten.
1574 2477 1618 2484 —

934 2507 1059 2545 socios]
1086 2504 1154 2547 vgl.
1180 2515 1220 2537 zu
1247 2505 1300 2545 24,
1321 2506 1374 2542 35.
1397 2507 1424 2539 1.
