1779 2828
595 89 721 124 LIBER
745 89 830 124 VIII.
879 89 975 123 CAP.
1001 91 1055 124 27.
1485 88 1565 126 261

112 106 138 128 a.
160 99 227 128 Chr.
249 108 278 129 n.
298 101 359 128 326.

111 206 152 246 in
184 207 302 247 fidem
332 207 472 261 populi
493 207 664 247 Romani
683 207 839 247 venisse
867 206 1039 247 adlatum
1071 213 1151 247 est:
1184 207 1333 260 quippe
1355 220 1571 260 propemo-
1601 213 1619 245 3

112 263 207 304 dum
237 271 474 318 perventum
497 265 544 304 ad
569 277 612 305 se
642 277 740 313 esse,
762 264 921 317 iamque
953 265 994 304 in
1018 277 1065 304 eo
1086 277 1173 304 rem
1203 265 1301 313 fore,
1334 272 1378 305 ut
1398 265 1570 305 Romani

112 328 180 363 aut
200 323 336 363 hostes
356 328 424 362 aut
444 322 595 362 domini
626 322 799 362 habendi
830 322 922 363 sint.
975 322 1187 363 discrimen
1220 323 1403 374 profecto
1436 335 1571 363 rerum
1602 329 1621 361 4

111 392 273 420 suarum
313 380 354 420 in
385 379 491 420 bello
524 380 762 421 Samnitium
794 386 1021 433 eventuque
1053 380 1138 420 eius
1167 380 1287 430 verti3
1330 392 1415 420 eam
1447 381 1571 420 solam

111 443 270 490 gentem
292 444 457 486 restare,
490 450 566 478 nec
588 450 674 478 eam
706 438 832 491 ipsam
863 438 957 478 satis
989 437 1167 486 validam,
1200 438 1360 490 quando
1384 437 1572 478 Lucanus

111 495 321 546 defecerit;
354 508 475 548 quem
507 496 684 536 revocari
707 496 838 536 adhuc
868 496 1090 549 inpellique
1112 496 1157 536 ad
1182 495 1417 536 abolendam
1444 496 1571 536 socie-
1602 502 1620 534 5

109 558 232 593 tatem
248 552 467 594 Romanam
485 566 617 607 posse,
645 553 678 594 si
700 566 776 606 qua
798 566 861 594 ars
891 554 1072 594 serendis
1094 553 1302 594 discordiis
1323 552 1570 593 adhiheatur.

109 611 208 651 haec
231 611 397 651 consilia
419 624 511 651 cum
542 611 649 664 apud
680 611 847 664 cupidos
878 624 1013 652 rerum
1047 612 1319 652 novandarum
1342 611 1573 657 valuissent,
1604 617 1623 649 6

110 681 159 708 ex
178 668 386 709 iuventute
408 669 570 722 quidam
592 669 851 710 Lucanorum
874 670 1002 722 pretio
1025 670 1175 718 adsciti,
1199 669 1293 710 clari
1316 669 1441 721 magis
1466 669 1571 708 inter

110 726 325 779 populares
347 739 467 779 quam
488 727 660 776 honesti,
682 727 789 767 inter
810 740 851 768 se
872 727 1034 767 mulcati
1057 728 1131 780 ipsi
1151 728 1268 780 virgis
1286 740 1377 767 cum
1400 738 1571 779 corpora

111 784 217 824 nuda
233 784 463 825 intulissent
483 785 525 824 in
548 785 691 825 civium
710 791 881 833 coetum,
898 785 1104 825 vociferati
1127 791 1221 825 sunt
1241 798 1295 832 se,
1320 785 1425 837 quod
1446 790 1574 825 castra
1604 792 1622 823 τ

111 841 290 882 Romana
312 842 468 894 ingredi
491 843 575 883 ausi
598 849 743 891 essent,
767 855 786 881 a
809 843 1042 883 consulibus
1062 843 1182 894 virgis
1214 855 1353 883 caesos
1375 855 1419 882 ac
1443 853 1571 895 prope

110 899 241 939 securi
262 912 474 953 percussos
498 913 596 940 esse.
649 900 840 941 deformis
862 907 1002 953 suapte
1026 907 1167 941 natura
1199 913 1263 940 res
1285 912 1375 939 cum
1398 899 1573 952 speciem
1604 904 1622 937 8

110 956 280 998 iniuriae
303 958 428 1010 magis
444 970 562 1010 quam
578 957 658 997 doli
680 970 775 1011 prae
798 971 840 998 se
862 959 999 1006 ferret,
1017 958 1204 998 concitati
1220 958 1404 998 homines
1421 963 1573 1010 cogunt

111 1014 284 1055 clamore
315 1028 387 1056 suo
416 1015 668 1067 magistratus
699 1022 883 1056 senatum
914 1029 1069 1064 vocare,
1103 1022 1141 1056 et
1173 1016 1237 1056 alii
1269 1015 1573 1056 circumstantes
1604 1020 1623 1051 9

112 1073 328 1113 concilium
358 1073 508 1113 bellum
540 1073 581 1113 in
603 1072 806 1113 Romanos
837 1080 1023 1126 poscunt,
1058 1074 1120 1114 alii
1147 1073 1194 1113 ad
1226 1073 1506 1113 concitandam
1529 1073 1571 1112 in

111 1142 221 1170 arma
237 1130 535 1170 multitudinem
552 1131 767 1183 agrestium
787 1131 1033 1179 discurrunt,
1047 1131 1302 1183 tumultuque
1319 1131 1435 1170 etiam
1454 1143 1572 1171 sanos

111 1194 397 1229 consternante
418 1189 572 1229 animos
593 1189 838 1237 decernitur,
861 1195 904 1228 ut
925 1189 1094 1229 societas
1116 1201 1206 1229 cum
1230 1189 1477 1229 Samnitibus
1508 1201 1571 1228 re-

112 1252 347 1295 novaretur,
369 1246 567 1299 legatique
590 1247 637 1286 ad
661 1259 747 1286 eam
771 1259 855 1286 rem
877 1247 1106 1287 mittuntur.
1153 1247 1364 1299 repentina
1386 1259 1450 1286 res
1481 1246 1573 1298 quia
1606 1250 1642 1283 10

111 1315 231 1355 quam
248 1316 409 1344 causam
426 1304 576 1344 nullam
593 1311 671 1344 tam
686 1318 737 1344 ne
754 1305 872 1344 fidem
892 1305 1051 1357 quidem
1070 1304 1254 1352 habebat,
1273 1305 1399 1344 coacti
1421 1317 1440 1343 a
1460 1304 1572 1344 Sam-

112 1427 200 1462 eben
218 1429 273 1469 25,
292 1429 312 1462 3
330 1427 514 1462 Erzfihlten
534 1429 581 1462 ist
599 1428 804 1470 aufsallend;

112 1473 293 1508 vielleicht
317 1474 363 1508 ist
389 1475 442 1517 25,
461 1473 530 1509 4ff.
558 1475 652 1509 einer
678 1475 804 1509 andern

111 1518 233 1559 Quelle
258 1523 491 1556 entnommen.
518 1541 562 1545 —
588 1523 626 1554 in
661 1533 701 1555 eo
730 1532 806 1555 rem

111 1564 207 1608 fore]
234 1568 376 1609 s.9,9‚
404 1569 456 1603 13.

158 1614 191 1646 4.
231 1611 384 1657 restare]
425 1613 613 1657 allerdings
663 1612 807 1647 standen

109 1658 200 1700 jetzt
224 1657 279 1691 die
306 1658 484 1693 Samniten
511 1659 563 1693 als
589 1658 723 1703 Gegner
749 1659 808 1693 der

112 1702 238 1737 Romer
263 1703 378 1738 allein.

158 1751 190 1783 5.
214 1752 421 1784 societatem
437 1750 648 1792 Romanam]
667 1751 735 1784 wie
753 1761 808 1784 so-

112 1797 222 1829 eietas
254 1799 358 1838 regia
384 1798 440 1839 41,
466 1798 521 1839 23,
548 1799 578 1831 9.
604 1816 649 1821 —
676 1808 737 1830 ars
763 1823 771 1831 .
799 1822 807 1831 .

111 1842 340 1884 adhibeatur]
366 1852 392 1876 s.
411 1845 444 1885 4,
470 1845 525 1884 44,
553 1845 583 1877 5.
604 1844 658 1885 56,
686 1844 725 1882 3;
753 1844 809 1886 38,

110 1889 166 1930 48,
196 1889 254 1922 14:
279 1890 386 1922 rebus
409 1889 631 1932 incipiendis
655 1914 663 1923 .
692 1916 698 1922 .
724 1889 808 1923 deos

111 1934 274 1974 adhibet3
291 1933 392 1969 Dativ
410 1934 471 1969 des
489 1934 656 1969 Zweckes
670 1951 715 1963 =
729 1946 806 1970 zum

110 1979 297 2014 Anstiften.

157 2027 190 2061 6.
216 2026 367 2070 cupidos
391 2037 515 2060 rerum
539 2028 804 2068 novandarum]

111 2071 166 2106 die
182 2070 397 2116 Versassung
422 2071 569 2107 Tarents
595 2084 668 2107 war
689 2073 807 2107 demo-

110 2116 279 2161 kratisch‚
304 2118 367 2152 das
389 2117 482 2153 Volk
507 2120 808 2162 neuerungssfich-

112 2163 174 2207 tig.
199 2183 244 2188 —
270 2164 364 2198 clari
387 2190 395 2197 .
413 2166 599 2207 ,honestsj
624 2166 695 2208 vgl
722 2165 806 2200 Sall.

110 2208 806 2254 Jug.8,1;Ge11.6(7)‚11‚7:Q.

114 2255 287 2289 Claudius
302 2258 342 2290 in
357 2259 478 2301 primo
496 2257 706 2290 annalium.-
724 2268 808 2301 per-

111 2301 266 2335 suadent
281 2304 313 2335 ii
328 2303 473 2336 cuidam
494 2303 717 2337 adulescenti
733 2303 805 2337 Lu-

113 2357 214 2391 cano,
239 2349 304 2392 qui
328 2349 494 2393 adprime
517 2360 654 2383 summo
672 2360 806 2393 genere

109 2397 246 2436 gnatus
280 2398 376 2438 erat,
406 2395 469 2428 sed
499 2395 652 2429 luxuria
684 2399 718 2429 et
746 2407 806 2429 ne-

113 2441 229 2482 quitia
269 2443 463 2484 pecuniam
503 2452 675 2484 magnam
723 2452 806 2475 eon-

113 2490 326 2529 sumpserat.
341 2489 495 2521 —inter
507 2490 556 2529 se]
575 2489 631 2529 ist,
650 2488 731 2522 weil
750 2488 806 2521 hei

114 2529 175 2564 der
197 2532 403 2575 reciproken
420 2532 623 2577 Thatigkeit
649 2533 705 2568 die
731 2534 807 2567 tha-

116 2576 209 2620 tigen
220 2576 303 2620 Subj
309 2577 388 2612 ekte
401 2579 558 2623 zugleich
568 2579 708 2613 leidend
719 2578 806 2620 sind,

877 1430 939 1463 mit
955 1429 1032 1463 dem
1048 1428 1138 1463 Part.
1154 1428 1249 1462 Pass.
1269 1428 1487 1468 v;erbunden
1503 1429 1572 1472 vgl.

878 1477 1047 1517 1426
1077 1477 1283 1516 10,15,12;
1313 1476 1573 1517 21,39,6.,43

879 1502 1118 1564 18;2’2,4,6;
1147 1523 1274 1563 2447,
1300 1524 1336 1559 4;
1366 1523 1572 1562 25,,1915;

879 1570 934 1609 33,
962 1570 992 1609 6,
1020 1570 1057 1607 4,
1086 1569 1139 1609 35
1168 1569 1199 1608 3,
1225 1570 1265 1606 43
1292 1570 1347 1609 44,
1375 1569 1428 1607 25,
1458 1569 1509 1602 12.

926 1616 955 1647 ἵ.
991 1615 1127 1654 eastra]
1159 1613 1335 1647 vielleicht
1370 1613 1431 1647 das
1465 1615 1526 1655 25,
1552 1616 1573 1647 4

879 1660 1057 1693 ετννέἰὴῐιῒε
1084 1659 1181 1693 Heer.

926 1707 956 1740 8.
982 1707 1284 1748 magistratu-sn]
1315 1715 1342 1738 s.
1369 1706 1424 1746 25,
1452 1706 1505 1746 16,
1533 1707 1569 1745 5;

877 1750 995 1785 Livius
1021 1750 1128 1785 denkt
1154 1750 1227 1785 sich
1253 1751 1308 1785 die
1334 1750 1573 1785 Verh'altnisse

880 1798 945 1831 wie
971 1798 1005 1830 in
1032 1797 1119 1831 Rom
1143 1799 1185 1839 (s.
1213 1798 1267 1838 28,
1293 1798 1328 1838 6;
1366 1798 1396 1838 2,
1423 1798 1478 1838 23,
1506 1800 1573 1840 11),

878 1843 1040 1886 obgleich
1074 1843 1129 1877 die
1162 1843 1320 1877 Lukaner
1345 1846 1513 1877 zerstreut
1538 1843 1573 1876 in

879 1889 1024 1923 Stadten
1051 1889 1120 1924 und
1147 1889 1208 1923 auf
1222 1889 1300 1923 dem
1318 1889 1432 1923 Lande
1452 1889 1573 1923 wohn-

878 1939 948 1980 ten,
975 1946 1014 1970 so
1032 1935 1106 1969 dass
1125 1937 1201 1970 eine
1219 1935 1486 1979 Versammlung
1504 1946 1571 1969 von

876 1982 1146 2026 Abgeordneten
1185 1982 1396 2024 (concilium
1432 1982 1500 2015 wie
1537 1981 1572 2014 in

878 2028 1023 2070 Latium,
1050 2028 1206 2062 Etrurien
1234 2039 1267 2061 u.
1294 2029 1338 2070 a.)
1365 2027 1572 2061 schwerlich

878 2085 916 2109 so
936 2074 1069 2108 schnell
1087 2074 1161 2108 sich
1178 2074 1408 2108 versammeln
1426 2073 1570 2107 konnte.

925 2122 956 2154 9.
982 2123 1022 2154 in
1047 2123 1164 2162 arma]
1183 2131 1210 2154 s.
1232 2123 1284 2162 10,
1311 2122 1365 2162 21,
1391 2121 1421 2154 2.
1447 2139 1492 2143 -
1517 2122 1570 2152 tu-

877 2167 1076 2210 multuque]
1112 2166 1382 2211 personifiziert3
1414 2176 1455 2200 zu
1491 2176 1573 2198 con—

877 2215 1064 2246 sternante
1087 2213 1158 2256 vgl.
1186 2215 1217 2255 7,
1243 2215 1298 2254 42,
1326 2215 1356 2247 3.
1383 2231 1428 2236 -
1453 2212 1572 2251 sanos]

879 2269 905 2293 s.
941 2261 995 2301 45,
1031 2261 1083 2301 10,
1120 2261 1179 2297 11;
1218 2258 1273 2292 die
1298 2257 1463 2302 politisch
1488 2255 1573 2290 Ver—

875 2305 1070 2348 nfinftigen,
1095 2304 1401 2348 Pssichtgetreuen‚
1427 2312 1469 2335 an
1494 2301 1572 2336 dem

875 2349 1030 2384 Bundnis
1055 2350 1266 2391 Haltenden,
1300 2349 1345 2382 im
1378 2348 1573 2392 Gegensatz

876 2407 919 2430 zu
945 2398 1050 2439 aegri
1074 2398 1114 2437 (s.
1142 2398 1174 2439 2,
1194 2398 1225 2438 3,
1244 2376 1277 2437 5)
1304 2393 1374 2428 und
1399 2396 1571 2436 insanire,

874 2441 1000 2481 furere
1033 2443 1072 2483 (S.
1106 2444 1138 2484 4,
1164 2444 1194 2483 2,
1224 2444 1261 2481 1;
1289 2442 1343 2484 28,
1376 2441 1430 2483 24,
1458 2442 1501 2483 5).
1526 2460 1572 2465 —-

876 2487 1086 2530 mittuntur]
1096 2488 1115 2507 *

926 2535 978 2568 10.
1005 2535 1075 2575 res]
1101 2532 1156 2567 die
1184 2531 1500 2576 Sinnesanderung.
1527 2551 1571 2555 —

879 2589 984 2622 quam
1001 2605 1009 2615 .
1026 2606 1032 2613 .
1049 2581 1133 2621 tam]
1152 2579 1222 2623 vgl.
1237 2580 1292 2622 21,
1306 2580 1363 2621 43,
1385 2582 1421 2614 11
1437 2591 1443 2610 :
1464 2588 1571 2621 quam
