1731 2796
188 110 240 148 50
691 111 816 146 LIBER
840 111 895 146 Vl.
943 110 1036 145 CAP.
1062 113 1117 146 20.

1416 131 1443 150 a.
1465 131 1495 151 u.
1517 130 1544 152 c.
1562 124 1624 152 370.

188 225 284 265 illud
301 225 519 265 notandum
539 226 705 273 videtur,
728 234 772 266 ut
786 227 912 275 sciant
927 226 1123 273 homines,
1145 238 1246 278 quae
1263 233 1300 266 et
1317 233 1464 278 quanta
1479 226 1624 267 decora

186 282 301 322 foeda
323 282 516 334 cupiditas
533 284 647 335 regni
670 297 749 323 non
769 284 922 335 ingrata
939 283 1068 323 solum
1089 283 1157 323 sed
1174 283 1296 323 invisa
1313 284 1428 323 etiam
1443 284 1625 323 reddide-

185 340 256 378 rit:
278 339 460 379 homines
478 352 604 392 prope
621 341 932 392 quadringentos
948 340 1181 392 produxisse
1197 340 1353 388 dicitur,
1376 340 1522 392 quibus
1538 341 1624 381 sine

184 397 346 436 faenore
368 409 560 448 expensas
591 398 780 449 pecunias
810 397 982 445 tulisset,
1015 409 1185 449 quorum
1214 396 1319 437 bona
1339 397 1494 446 venire,
1525 410 1626 449 quos

184 453 275 493 duci
292 453 469 493 addictos
485 454 773 505 prohibuisset;
790 455 837 494 ad
856 455 951 494 haec
968 454 1111 494 decora
1128 466 1288 506 quoque
1303 454 1396 494 belli
1414 467 1496 494 non
1514 467 1623 494 com-

184 522 423 550 memorasse
445 516 599 550 tantum
621 511 688 550 sed
709 511 922 563 protulisse
944 511 1061 550 etiam
1082 511 1383 563 conspicienda,
1406 511 1529 563 spolia
1549 512 1623 551 ho-

185 567 302 607 stium
325 579 530 606 caesorum
553 567 599 606 ad
629 568 811 619 triginta,
841 569 943 608 dona
972 568 1254 620 imperatorum
1283 569 1330 608 ad
1352 568 1624 620 quadraginta,

186 624 225 663 in
256 624 398 675 quibus
427 624 605 676 insignes
634 625 728 664 duas
757 625 928 665 murales
949 637 1140 673 coronas,
1170 625 1311 665 civicas
1339 631 1445 674 oct03
1478 625 1527 664 ad
1547 625 1623 664 hoe

185 688 359 721 servatos
382 693 428 719 ex
446 681 626 721 hostibus
643 681 745 721 cives
763 681 989 733 [produxit],
1012 682 1116 721 inter
1133 694 1233 733 quos
1251 682 1291 721 C.
1309 681 1517 721 Servilium
1539 694 1623 721 ma-

185 738 352 789 gistrum
374 738 552 788 equitum
573 738 776 778 absentem
799 739 1051 788 nominatim;
1083 746 1122 778 et
1141 751 1232 778 eum
1253 751 1298 779 ea
1320 751 1499 790 quoque,
1523 751 1624 790 quae

185 837 411 880 mungsurteil
425 838 715 881 auszusprechen;
731 849 757 873 s.
773 839 793 881 ξ
809 841 847 873 11
861 853 868 877 ;

188 886 217 925 7,
233 886 262 922 5,
281 886 310 916 ἵ.
325 903 366 907 —
386 883 479 916 illud
494 885 703 925 notandum]
722 883 869 918 s.Praef.

187 931 223 968 9;
243 929 311 971 vgl.
327 930 356 968 3,
373 929 425 968 26,
442 932 471 964 7.
489 949 534 953 —
558 928 723 974 ingrata]
743 930 868 973 passiv‚

186 992 228 1003 =
255 974 366 1007 wosfir
391 974 469 1007 kein
494 974 591 1008 Dank
621 975 747 1018 gezollt
774 974 868 1008 wird.

231 1020 262 1053 6.
274 1021 431 1053 homines
442 1045 449 1053 .
462 1022 485 1061 .]
499 1020 552 1053 die
566 1020 871 1063 glanzendeSchil-

186 1065 316 1108 derung
337 1064 396 1098 der
415 1064 613 1099 Verdienste
638 1066 707 1099 und
725 1066 869 1108 Thaten,

186 1111 293 1144 sowie
327 1110 386 1144 der
414 1111 721 1154 ausgezeichneten
747 1112 870 1154 Eigen-

187 1156 339 1189 sebasten
359 1156 418 1189 des
437 1156 664 1196 Verurteilten
690 1159 723 1200 (ξ
747 1159 870 1191 6-11.

189 1204 333 1243 14—15)
359 1202 489 1235 stimmt
514 1203 607 1235 nicht
631 1213 717 1245 ganz
746 1213 786 1235 zu
812 1202 871 1236 der

187 1247 457 1280 Charakteristik
488 1247 670 1281 desselben
702 1247 741 1283 K.
770 1250 821 1288 11,
848 1249 867 1281 3

185 1292 267 1335 (vgl.
302 1291 392 1325 Plut.
426 1294 482 1333 36)
514 1294 583 1326 und
616 1294 661 1326 ist
694 1293 870 1326 vielleicht

187 1338 279 1371 einer
297 1337 422 1371 andern
441 1338 560 1377 Quelle
578 1344 808 1372 entnommen.
826 1358 870 1362 -—-

187 1394 359 1426 expensas
392 1408 400 1416 .
425 1410 432 1417 .
468 1384 617 1425 tulisset]
649 1385 718 1427 vgl.
744 1385 869 1417 Ascon.

189 1429 229 1462 ad
255 1428 347 1462 Verr.
375 1431 411 1470 1,
438 1431 518 1463 102:
550 1440 742 1472 expensum
772 1428 872 1468 ferre

189 1478 239 1506 est
261 1476 416 1507 scribere
448 1478 481 1507 te
502 1478 694 1517 pecuniam
725 1476 872 1517 dedisse,

189 1521 263 1553 eine
282 1519 420 1553 Summe
439 1520 489 1553 als
507 1531 548 1553 an
567 1520 648 1554 oder
665 1521 718 1554 sfir
730 1520 871 1562 Jemand

189 1565 387 1608 ausgezahlt
408 1567 442 1598 in
462 1565 522 1599 das
539 1565 721 1600 Haushuch
749 1567 872 1600 eintra-

189 1621 253 1653 gen
268 1627 312 1638 =
325 1611 384 1644 bar
395 1611 589 1653 auszahlen‚
604 1612 696 1645 also:
711 1612 820 1645 denen
835 1622 871 1645 er

189 1657 277 1689 ohne
301 1656 424 1690 Zinsen
451 1656 535 1690 Geld
560 1657 769 1700 ausgezahlt,
794 1667 870 1690 vor-

189 1702 398 1745 geschossen
423 1702 520 1735 habe.
546 1722 588 1726 —
619 1705 711 1735 bona
735 1701 870 1746 venire]

190 1748 261 1783 Liv.
286 1752 373 1781 setzt
403 1758 547 1786 voraus,
578 1747 654 1787 dass
687 1748 741 1781 die
767 1747 872 1781 Guter

191 1793 249 1826 der
267 1792 457 1826 Schuldner
483 1793 592 1826 haben
610 1793 768 1827 verkaust
786 1804 871 1827 wer-

190 1838 255 1871 den
272 1838 421 1879 konnen,
445 1849 501 1872 um
527 1839 580 1871 die
600 1838 727 1872 Sehuld
751 1850 792 1872 zu
818 1839 873 1871 til-

191 1893 256 1926 gen
281 1885 320 1922 (s.
347 1884 399 1923 27,
419 1885 448 1917 8.
476 1886 529 1923 34,
552 1886 595 1925 2),
623 1885 688 1917 wie
713 1895 749 1917 es
774 1884 872 1917 aller-

191 1929 290 1971 dings
307 1929 421 1971 spater
433 1930 592 1971 geschah,
611 1929 678 1962 und
697 1929 785 1962 dann
805 1933 872 1962 erst

190 1974 297 2013 (wohl
322 1983 422 2007 wenn
448 1974 541 2007 diese
559 1974 613 2007 die
631 1974 759 2008 Schuld
779 1974 873 2007 nicht

191 2019 350 2061 deckten)
387 2019 444 2052 der
483 2019 672 2053 Sebuldner
710 2019 872 2052 addiziert

193 2064 330 2098 worden
356 2065 420 2103 sei;
447 2065 514 2107 vgl.
540 2065 625 2098 Rein
651 2064 717 2098 PR.
743 2066 820 2100 937.

239 2113 268 2144 7.
295 2111 436 2151 decora]
460 2121 485 2143 s.
504 2112 534 2151 3,
556 2112 607 2148 12,
626 2112 663 2148 2;
689 2116 798 2144 etwas
815 2120 873 2143 an-

193 2155 268 2189 ders
293 2155 380 2188 Plin.
407 2158 437 2197 7,
466 2157 545 2189 103:
578 2156 760 2195 (Manlius)
791 2159 874 2188 ante

192 2210 285 2235 XVII
316 2212 428 2233 annos
459 2203 541 2234 bina
577 2205 720 2244 ceperat
747 2202 873 2244 spolia.

190 2249 329 2289 primus
369 2249 525 2279 omnium
565 2257 668 2290 eques
701 2248 875 2279 muralem

193 2295 380 2335 acceperat
417 2302 604 2331 coronam,
657 2301 698 2326 VI
735 2294 875 2333 civicas,

194 2347 278 2371 xxx
286 2346 343 2371 VJ]
358 2338 463 2379 dona,
486 2347 596 2372 XXII]
614 2339 796 2370 cicatrices
813 2338 874 2370 ad-

192 2394 292 2415 verso
311 2394 459 2425 corpore
476 2386 678 2426 eoeceperat;
704 2384 773 2426 vgl.
798 2383 872 2416 ebd.

197 2429 248 2463 16,
270 2430 326 2467 14;
353 2429 466 2463 Aurei.
492 2428 580 2462 Vict.
605 2431 705 2468 24,1.
731 2448 774 2452 -
798 2439 874 2461 mu-

195 2473 300 2513 rales]
325 2483 351 2506 s.
370 2473 454 2506 Gell.
474 2477 504 2515 5,
519 2476 550 2515 6,
568 2476 625 2508 16:
651 2474 800 2507 muralis
824 2477 876 2506 est

195 2529 346 2559 corona,
377 2530 446 2560 qua
471 2520 627 2552 donatur
655 2522 697 2552 ab
724 2523 874 2562 impera-

197 2567 288 2606 tore,
326 2567 387 2606 qm'
419 2567 559 2607 primns
592 2576 732 2598 murum
768 2567 876 2598 subiit

938 841 1046 881 inque
1079 838 1248 882 oppidum
1279 840 1432 871 hostium
1459 848 1527 881 per
1550 840 1623 870 vim

939 884 1117 925 aseendit,-
1130 884 1266 917 ideirco
1281 885 1384 927 quasi
1395 886 1492 916 muri
1499 885 1625 926 pinnis

939 930 1109 963 decorata
1122 932 1187 967 est:
1201 929 1276 963 ebd.
1289 931 1347 964 11:
1363 931 1476 963 civica
1490 940 1623 962 corona

939 975 1152 1018 appellatur,
1177 985 1283 1017 quam
1301 977 1390 1007 civis
1407 977 1488 1017 civi,
1514 986 1536 1008 a
1555 985 1623 1017 quo

938 1023 977 1053 in
989 1021 1126 1063 proelio
1139 1024 1301 1053 servatus
1314 1024 1374 1062 est,
1393 1023 1512 1053 testem
1527 1022 1623 1053 vitae

938 1067 1135 1109 salutisque
1154 1069 1345 1109 perceptae
1370 1066 1443 1099 dat.
1489 1077 1529 1098 ea
1547 1065 1624 1105 fite

938 1111 1069 1152 fronde
1087 1122 1252 1155 quer-nea.
1270 1130 1311 1136 —
1332 1114 1482 1154 quoque]
1501 1111 1624 1154 gehort

939 1168 982 1191 zu
999 1157 1075 1190 dem
1091 1156 1371 1200 Gesamtbegriffe
1385 1157 1515 1190 deeora
1529 1157 1622 1196 belli,

939 1207 1037 1236 sonst
1053 1203 1171 1236 wfirde
1196 1213 1274 1235 man
1299 1203 1381 1235 belli
1405 1213 1544 1245 quoque
1564 1202 1623 1235 de-

941 1259 1026 1281 cora
1043 1251 1228 1285 erwarten3
1248 1258 1275 1282 s.
1294 1249 1347 1289 22,
1369 1250 1421 1289 14,
1441 1249 1498 1281 15:
1516 1258 1624 1280 aures

941 1304 1079 1336 quoque
1104 1294 1267 1326 militum.
1298 1313 1343 1317 —-
1371 1295 1411 1325 in
1441 1294 1570 1336 quibus
1587 1317 1595 1326 .
1613 1318 1622 1327 .

940 1342 1101 1380 coronas]
1127 1339 1215 1372 ohne
1240 1338 1390 1372 Verbum
1421 1341 1473 1377 (in
1497 1340 1626 1381 quibus

940 1400 984 1412 =
1014 1386 1052 1416 in
1084 1386 1168 1426 his),
1197 1385 1243 1417 ist
1275 1385 1351 1417 eine
1382 1384 1512 1418 seltene
1536 1384 1626 1417 Aus-

939 1429 1191 1469 drucksweise;
1204 1429 1274 1472 vgl.
1285 1429 1369 1463 Ovid.
1380 1429 1460 1463 Met.
1477 1430 1623 1470 13‚164;

936 1475 1020 1508 Tac.
1038 1476 1118 1518 Agr.
1136 1477 1190 1508 37.

986 1522 1017 1555 8.
1036 1521 1171 1561 adhoc]
1190 1520 1271 1554 fasst
1288 1520 1342 1553 die
1357 1519 1534 1553 einzelnen
1549 1529 1623 1552 ver-

940 1566 1144 1600 schiedenen
1159 1565 1331 1600 Momente
1345 1575 1552 1605 zusammen,
1567 1575 1624 1598 um

940 1616 1048 1645 etwas
1073 1611 1187 1645 Neues
1219 1610 1480 1654 anzuknfiprem
1514 1621 1541 1644 s.
1570 1612 1624 1651 11,

941 1659 971 1691 6.
999 1659 1052 1695 14,
1070 1659 1106 1690 11
1130 1668 1162 1690 u.
1180 1667 1227 1696 a.;
1253 1657 1274 1700 ξ
1294 1659 1330 1690 7:
1363 1656 1410 1689 ad
1433 1657 1519 1689 haec
1542 1655 1625 1689 lasst

941 1713 982 1736 an
1007 1702 1068 1736 das
1098 1701 1259 1735 Einzelne
1293 1701 1437 1735 denken.
1463 1721 1507 1726 —
1530 1703 1627 1734 inter

941 1750 1048 1790 quos]
1066 1747 1126 1781 das
1150 1747 1282 1781 Nomen
1306 1747 1393 1780 nach
1418 1749 1514 1779 inter
1538 1757 1626 1789 quos

940 1796 972 1834 (e
990 1795 1129 1835 quibus,
1147 1795 1186 1826 in
1200 1795 1342 1836 quibus)
1359 1792 1450 1826 kann
1465 1792 1539 1826 sich
1551 1796 1625 1825 ent-

943 1838 1056 1872 weder
1073 1849 1115 1872 an
1140 1839 1194 1872 die
1211 1837 1460 1872 Konstruktion
1482 1837 1542 1871 des
1559 1836 1625 1870 Be-

940 1884 1236 1926 ziehungswortes
1260 1884 1320 1917 des
1342 1883 1553 1916 Relativums
1576 1882 1624 1915 im

940 1928 1148 1972 Hauptsatze
1188 1929 1416 1962 anschliessen
1446 1929 1487 1968 (s.
1513 1930 1545 1969 4,
1569 1929 1624 1968 43,

943 1976 978 2014 6;
1006 1976 1059 2015 22,
1078 1977 1131 2014 53,
1151 1977 1190 2013 5;
1226 1976 1280 2015 23,
1297 1976 1353 2015 33,
1373 1976 1407 2012 1;
1440 1975 1494 2013 29,
1512 1975 1567 2015 25,
1585 1973 1623 2012 6;

941 2019 1107 2053 Periocha
1124 2023 1176 2054 77.
1192 2023 1235 2055 80
1252 2031 1284 2053 u.
1303 2023 1347 2062 a.)
1364 2019 1446 2052 oder
1460 2019 1516 2052 ein
1533 2020 1625 2061 eige-

942 2075 1002 2098 nes
1034 2065 1195 2099 Pradikat
1227 2065 1355 2104 haben;
1389 2074 1415 2098 s·
1435 2066 1489 2105 14,
1507 2066 1566 2104 113
1593 2065 1626 2105 8,

944 2112 998 2152 39,
1017 2112 1054 2149 9;
1075 2112 1173 2153 23,1,
1192 2113 1227 2151 9;
1249 2113 1302 2151 36,
1317 2111 1371 2151 26,
1391 2112 1428 2149 2;
1454 2111 1509 2151 42,
1524 2111 1578 2151 57,
1592 2111 1624 2143 9.

942 2175 987 2180 -—
1023 2158 1201 2189 absentem
1233 2156 1485 2196 nominatim*]
1522 2154 1625 2188 nami.

944 2212 1241 2235 commemorasse.
1289 2201 1338 2234 Da
1369 2201 1516 2242 Plinius,
1541 2199 1626 2233 wel-

945 2248 1022 2280 cher
1037 2247 1213 2280 derselben
1229 2246 1349 2286 Quelle
1362 2247 1429 2280 wie
1441 2246 1513 2279 Liv.
1525 2245 1624 2292 folgt,

944 2302 985 2325 an
1019 2292 1077 2325 der
1101 2303 1143 2325 zu
1168 2293 1189 2336 ξ
1217 2295 1234 2325 7
1261 2292 1486 2334 angesfihrten
1517 2289 1624 2324 stelle

943 2337 1117 2370 fortffihrt:
1143 2339 1178 2371 P.
1198 2337 1389 2371 Servilium
1412 2337 1625 2378 magistrum

942 2386 1100 2425 equitum
1123 2385 1338 2424 servaverat,
1363 2385 1436 2425 ipse
1458 2381 1624 2414 vulnera-

943 2431 1000 2460 tus
1028 2439 1200 2469 umerum,
1223 2427 1342 2467 femur
1365 2426 1448 2469 (vgl.
1468 2425 1544 2460 ebd.
1571 2427 1624 2464 16,

946 2476 1003 2507 14:
1042 2482 1081 2507 Vl
1109 2475 1257 2514 [civicas
1286 2483 1438 2506 coronas
1475 2472 1624 2513 accepit]

945 2519 1178 2562 Capitolinus,
1202 2521 1232 2550 is
1255 2518 1396 2561 quidem
1413 2520 1448 2549 et
1471 2518 1514 2550 de
1537 2517 1625 2550 duce

946 2564 1123 2607 Servilio),
1140 2574 1178 2597 so
1191 2564 1236 2598 ist
1253 2563 1346 2597 wohl
1363 2563 1450 2597 auch
1464 2563 1522 2596 der
1540 2561 1624 2595 Sinn
