1731 2796
177 80 256 118 238
1330 99 1356 119 a.
1377 98 1405 119 u.
1425 99 1452 120 c.
1471 92 1618 120 418—420.

672 80 797 114 LIBER
822 80 902 115 VIII.
951 80 1043 115 CAP.
1074 82 1125 117 16.

128 227 143 234 -
172 197 380 237 Ausonum
409 197 532 249 magis
559 209 661 236 novo
691 208 818 248 (Ῑυειηι-
832 208 976 248 magno
1006 195 1110 235 bello
1132 196 1205 235 fuit
1225 196 1405 248 insignis.
1455 208 1499 235 ea
1520 208 1619 248 gens

177 253 286 293 Cales
302 253 443 294 urbem
463 253 682 302 incolebat;
706 253 888 293 Sidicinis
909 253 1086 292 finitimis
1107 265 1212 292 arma
1236 253 1498 293 coniunxerat
1520 266 1619 292 uno-

175 323 251 363 que
274 311 425 362 proelio
454 311 558 350 haud
579 323 673 350 sane
696 310 941 349 memorabili
968 309 1138 349 duorum
1160 310 1401 362 populorum
1423 310 1619 350 exercitus

172 369 283 408 fusus
312 368 607 421 propinquitate
637 367 796 407 urbium
829 374 866 406 et
888 367 935 405 ad
956 367 1088 418 fugam
1109 368 1276 419 pronior
1298 373 1336 406 et
1357 367 1397 406 in
1420 368 1511 419 fuga
1534 367 1618 419 ipsa

172 426 296 465 tutior
312 426 396 464 fuit.
429 437 503 464 nec
521 432 651 464 tamen
672 424 813 463 omissa
832 424 915 463 eius
932 423 1024 462 belli
1042 436 1134 463 cura
1153 424 1344 476 patribus,
1364 424 1453 475 quia
1470 424 1617 464 totiens

172 483 247 522 iam
271 482 432 522 Sidicini
463 488 529 521 aut
559 481 631 533 ipsi
663 487 865 520 moverant
896 480 1043 520 bellum
1072 487 1139 519 aut
1160 481 1408 520 moventibus
1429 481 1617 520 auxilium

171 540 345 579 tulerant
362 546 428 578 aut
446 551 561 578 causa
579 550 783 578 armorum
801 538 970 577 fuerant.
1002 537 1135 589 itaque
1151 538 1260 577 omni
1274 550 1349 590 ope
1366 538 1492 578 adnisi
1508 544 1615 586 sunt,

171 604 213 636 ut
229 597 440 636 maximum
460 608 503 635 ea
520 601 752 647 tempestate
770 595 1049 647 imperatorem
1061 595 1110 633 M.
1123 595 1318 634 Valerium
1332 594 1500 634 Corvum
1519 608 1616 634 con-

124 661 137 667 ·
171 654 295 694 sulem
314 659 497 704 quartum
515 653 713 701 facerent3
732 652 881 703 collega
898 652 1052 691 additus
1064 651 1187 691 Corvo
1205 652 1254 691 M.
1268 651 1408 691 Atilius
1419 652 1615 704 Regulus3

173 716 207 751 et
227 723 276 750 ne
294 711 395 749 forte
413 723 505 750 casu
523 716 734 757 erraretur,
758 709 925 761 petitum
941 709 987 748 ab
1007 708 1253 757 consulibus,
1276 714 1320 748 ut
1337 715 1445 748 extra
1467 714 1616 749 sortem

172 768 285 807 Corvi
309 780 352 806 ea
374 767 578 819 provincia
601 773 715 806 esset.
759 767 938 806 exercitu
960 766 1107 805 victore
1130 778 1150 804 a
1172 765 1447 818 superioribus
1468 778 1615 806 consu-

171 825 273 864 libus
295 831 471 876 accepto,
499 825 544 863 ad
569 824 690 871 Cales,
713 823 821 862 unde
843 823 992 862 bellum
1014 828 1145 862 ortum
1168 829 1271 871 erat,
1303 823 1504 875 profectus
1526 835 1616 862 cum

170 882 303 921 hostes
333 881 381 920 ab
414 881 632 933 superioris
654 881 770 920 etiam
800 880 1028 919 certaminis
1050 880 1242 919 memoria
1266 879 1424 932 pavidos
1445 880 1617 919 clamore

170 945 287 990 atque
305 939 453 990 impetu
466 939 592 990 primo
609 937 784 985 fudisset,
803 937 960 977 moenia
971 937 1054 989 ipsa
1068 949 1302 989 oppugnare
1319 942 1378 976 est
1394 937 1615 989 adgressus.

169 1003 206 1035 et
223 996 392 1035 militum
416 995 574 1047 quidem
593 996 625 1034 is
648 1001 729 1034 erat
751 994 879 1042 ardor,
902 1000 945 1034 ut
964 994 1038 1033 iam
1056 993 1148 1033 inde
1165 1006 1256 1033 cum
1272 994 1386 1034 scalis
1403 994 1614 1033 succedere

118 1078 129 1091 t
167 1053 213 1092 ad
236 1065 372 1092 muros
393 1052 539 1092 vellent
561 1064 827 1103 evasurosque
850 1052 1161 1100 contenderent;
1195 1051 1355 1099 Corvus,
1378 1051 1468 1102 quia
1493 1051 1531 1090 id
1552 1063 1614 1090 ar-

169 1111 290 1149 duum
313 1111 419 1149 sactu
441 1117 542 1157 erat,
572 1109 708 1148 labore
730 1109 897 1148 militum
929 1108 1063 1161 potius
1090 1121 1207 1159 quam
1230 1108 1408 1160 periculo
1425 1120 1615 1160 peragere

169 1167 375 1219 inceptum
397 1167 531 1205 voluit.
583 1167 715 1217 itaque
734 1178 918 1218 aggerem
949 1172 987 1205 et
1013 1165 1145 1205 vineas
1167 1165 1247 1217 egit
1266 1171 1476 1216 turresque
1498 1177 1613 1204 muro

170 1224 350 1270 admovit,
369 1235 536 1275 quarum
553 1235 669 1263 usum
686 1224 787 1262 forte
804 1223 933 1262 oblata
950 1222 1228 1274 opportunitas
1245 1221 1470 1274 praevertit.
1503 1234 1613 1261 nam-

170 1293 246 1332 que
269 1281 318 1320 M.
342 1280 498 1328 Fabius,
522 1280 698 1331 captivus
720 1280 936 1327 Romanus,
959 1292 1049 1319 cum
1071 1291 1144 1331 per
1165 1279 1459 1331 neglegentiam
1481 1284 1614 1319 custo-

169 1339 261 1377 dum
280 1339 380 1377 festo
398 1338 459 1376 die
476 1338 642 1376 vinculis
656 1337 783 1388 ruptis
802 1349 874 1388 per
891 1349 1049 1377 murum
1067 1336 1172 1375 inter
1189 1348 1309 1388 opera
1327 1336 1612 1384 Romanorum,

168 1449 370 1482 wesentlich
397 1449 509 1492 gleieh
536 1450 596 1482 mit
622 1450 803 1488 Auruncz'3
827 1458 853 1482 s.
927 1447 1059 1481 Konsul
1086 1457 1248 1491 gewesen
1266 1449 1306 1487 (s.
1327 1450 1357 1489 7,
1376 1449 1430 1490 28,
1451 1449 1517 1490 10),
1539 1448 1612 1481 also

169 1496 199 1536 2,
221 1496 273 1535 16,
291 1496 329 1533 8;
349 1497 381 1537 9,
401 1497 454 1537 25,
472 1499 499 1529 l.
542 1494 606 1528 Der
620 1494 853 1528 Volksstamm

168 1541 340 1574 erscheint
364 1541 399 1574 in
424 1541 578 1574 mehrere
605 1539 697 1573 Gaue
721 1540 855 1583 gespal-

167 1591 235 1628 ten,
262 1596 330 1619 von
364 1586 473 1620 denen
507 1586 580 1619 sich
605 1586 698 1619 einer
731 1596 773 1618 an
800 1585 854 1618 die

164 1630 289 1664 Romer
314 1632 354 1672 (s.
376 1635 428 1673 15,
447 1633 491 1674 4),
517 1631 576 1665 der
594 1631 717 1665 andere
736 1641 779 1664 an
800 1630 854 1664 die

165 1677 357 1719 gleichfalls
408 1677 635 1711 ausonischen
688 1676 855 1710 Sidiciner

165 1723 431 1765 angeschlossen
466 1723 540 1764 hat,
575 1722 686 1755 dieser
716 1723 751 1755 in
786 1723 855 1764 en:—

165 1778 306 1810 gerem
355 1768 459 1802 Sinne
491 1769 652 1801 Ausones
693 1768 755 1801 mit
795 1767 855 1801 der

167 1813 266 1846 Stadt
285 1814 392 1855 Cales,
407 1815 435 1856 j.
454 1814 559 1856 Calvi,
574 1814 673 1855 jener
690 1814 856 1846 Aut-unci

167 1863 326 1901 genennt.

214 1907 243 1938 3.
265 1906 446 1946 patribus]
473 1914 498 1937 s.
526 1906 563 1943 6,
590 1907 620 1938 4.
653 1922 697 1928 —
725 1906 855 1936 totiens

166 1950 250 1990 iam]
267 1960 308 1982 zu
327 1949 531 1988 verbinden3
557 1949 611 1982 die
627 1948 854 1991 Behauptung

166 1995 212 2027 ist
229 1994 482 2027 iibertreibend.
501 2013 545 2018 —
564 1997 627 2026 aut
644 1996 725 2036 ipsi]
753 2004 778 2026 s.
801 1996 851 2035 15,

169 2043 197 2074 1.
225 2059 267 2063 —
293 2043 358 2072 aut
381 2041 614 2079 moventibus]
641 2049 667 2072 s.
695 2040 726 2079 2,
752 2040 782 2073 6.
810 2058 851 2062 —

167 2088 231 2118 aut
255 2087 375 2126 eausa]
401 2094 427 2118 s.
455 2087 484 2125 7,
513 2085 566 2124 29,
590 2086 622 2118 4.

213 2133 244 2165 4.
272 2133 392 2173 itaque
418 2155 425 2163 .
440 2132 460 2172 .]
488 2129 547 2162 der
564 2128 668 2171 Krieg
694 2128 814 2160 hatte
806 2138 851 2161 im

165 2175 469 2219 vorhergehenden
485 2174 587 2208 Jahre
606 2174 699 2207 nicht
723 2173 851 2216 begon-

167 2233 231 2256 nen
250 2221 388 2254 werden
406 2221 556 2261 konnen,
571 2220 637 2252 wie
651 2229 687 2252 es
706 2218 849 2261 scheint,

166 2267 235 2301 und
249 2268 417 2308 warjetzt
439 2266 544 2300 durch
558 2265 612 2299 die
626 2263 850 2307 Verbindung

166 2313 224 2346 der
250 2312 370 2346 beiden
391 2311 520 2345 Volker
544 2310 772 2354 gefahrlicher
793 2319 850 2352 ge-

167 2357 324 2396 worden;
360 2357 413 2390 fiir
437 2357 492 2390 die
518 2356 641 2390 Romer
672 2355 753 2389 aher
777 2365 849 2388 war

166 2413 201 2435 es
239 2403 382 2445 wichtig
419 2403 512 2436 diese
544 2400 684 2445 Gegend
718 2411 760 2434 zu
792 2400 851 2434 be-

164 2448 357 2487 herrschen,
383 2458 439 2480 um
457 2448 529 2481 sich
555 2447 609 2480 die
627 2445 850 2489 Verbindung

165 2494 226 2526 mit
243 2492 454 2536 Kampanien
472 2504 513 2526 zu
531 2493 684 2530 sichern;
711 2502 736 2525 s.
756 2492 776 2534 ἓ
797 2492 848 2526 13.

166 2558 206 2562 —-
228 2538 392 2578 Corvum]
419 2548 454 2571 er
479 2539 524 2571 ist
549 2542 619 2571 erst
636 2540 698 2572 411
721 2547 749 2570 a.
769 2547 800 2571 u.
820 2547 848 2571 c.

926 1492 1254 1580 ἕθὲωκέἓῗεῖῗξὲῗ
1274 1494 1431 1573 s⁷’243²’3²
1446 1493 1613 1572 ἕθῖῗέὲξῑ

995 1565 1003 1574 ·
1292 1564 1299 1572 ·
1365 1565 1373 1580 5
1417 1565 1425 1581 9
1478 1566 1485 1579 2

927 1595 962 1618 es
988 1584 1065 1617 dem
1083 1584 1169 1618 Lose
1190 1584 1391 1617 fiberlassen
1411 1584 1539 1627 wfirde,
1557 1585 1613 1618 bei

926 1630 1093 1663 welchem
1132 1629 1265 1672 gleiche
1296 1629 1513 1674 Befahigung
1544 1629 1614 1663 und

926 1675 1181 1718 Bereehtigung
1213 1679 1473 1719 vorausgesetzt
1507 1675 1612 1715 wird;

924 1721 993 1764 vgl.
1021 1722 1074 1762 27,
1095 1723 1146 1763 11,
1167 1723 1219 1755 11.
1236 1723 1442 1764 —petitum
1468 1723 1511 1754 ab
1530 1732 1613 1754 eon-

924 1767 1073 1808 salibus]
1111 1766 1192 1800 weil
1229 1776 1266 1799 es
1311 1767 1496 1809 eigentlich
1534 1766 1612 1800 dem

925 1812 1050 1846 Senate
1064 1822 1126 1845 nur
1139 1812 1287 1854 zusteht,
1301 1811 1355 1845 die
1368 1811 1525 1846 Konsuln
1540 1812 1614 1845 auf-

925 1857 1104 1891 zufordern
1125 1858 1163 1899 (s.
1178 1859 1267 1898 zu3,
1279 1837 1312 1898 2,
1328 1852 1373 1899 2),
1389 1857 1484 1891 nicht
1508 1857 1611 1901 ihnen

924 1913 966 1935 zu
991 1902 1171 1941 besehlem
1198 1913 1224 1935 s.
1251 1902 1272 1946 §
1300 1905 1350 1936 11.

971 1949 1001 1981 6.
1027 1949 1070 1980 ab
1095 1949 1292 1990 superioms
1314 1974 1320 1980 .

928 1994 1033 2034 13,8;
1059 1993 1146 2032 zu3,
1164 1994 1216 2032 15,
1243 1994 1273 2025 7.

969 2040 1000 2070 7.
1027 2039 1100 2069 iam
1125 2037 1219 2078 inde]
1240 2037 1360 2079 sosort,
1385 2037 1611 2071 unmittelbar

921 2083 1007 2115 nach
1034 2082 1110 2115 dem
1137 2082 1224 2115 eben
1250 2082 1515 2122 Geschehenen;
1551 2094 1609 2116 an-

921 2127 997 2160 ders
1023 2130 1054 2168 9,
1080 2129 1134 2169 29,
1161 2128 1198 2165 8;
1231 2127 1300 2170 vgl.
1328 2130 1359 2170 7,
1409 2155 1416 2162 .
1449 2147 1495 2154 -
1528 2139 1611 2164 con-

921 2173 1117 2212 tenderent]
1152 2171 1211 2206 der
1237 2173 1380 2207 Ansicht
1412 2173 1472 2208 des
1506 2173 1606 2207 Feld—

919 2217 1021 2251 herrn
1046 2221 1226 2261 entgegen.

967 2264 997 2297 8.
1026 2265 1206 2305 aggerem]
1229 2273 1256 2298 s.
1272 2265 1303 2305 5,
1318 2266 1348 2305 7,
1364 2266 1394 2298 2.
1416 2265 1608 2304 —vineas]

920 2319 945 2342 s.
973 2310 1004 2350 2,
1032 2311 1083 2349 17,
1113 2311 1143 2343 1.
1175 2328 1220 2333 —
1251 2311 1381 2350 turres]
1407 2318 1433 2342 s.
1461 2311 1492 2351 5,
1519 2311 1550 2350 5,
1577 2310 1608 2342 6.

920 2373 963 2377 -
985 2356 1199 2397 praevertit]
1237 2358 1304 2388 trat
1337 2354 1418 2388 eher
1448 2354 1503 2387 ein
1538 2353 1607 2393 als3

918 2399 988 2442 vgl.
1017 2400 1068 2440 13,
1097 2402 1125 2433 1.

966 2446 996 2478 9.
1018 2455 1085 2487 per
1102 2447 1258 2485 murum]
1275 2444 1360 2477 fiber
1377 2468 1384 2478 .
1403 2469 1411 2477 .

920 2493 951 2524 4.
976 2509 1020 2513 -
1046 2491 1151 2531 inter]
1185 2500 1211 2523 s.
1237 2491 1275 2531 9,
1304 2491 1363 2529 14;
1397 2489 1442 2522 ist
1475 2499 1517 2522 zu
1549 2490 1608 2522 de-

919 2537 1070 2568 misisset
1101 2545 1142 2568 zu
1174 2535 1338 2577 nehmen,
1371 2534 1494 2569 dessen
1525 2534 1609 2568 viel-

1341 1973 1348 1980 .
1368 1946 1557 1989 memoria]
1583 1957 1610 1981 s.

1424 2457 1431 2483 3
1456 2453 1482 2477 s.
1502 2445 1534 2486 6,
1554 2446 1607 2486 17,
