1779 2828
103 122 130 143 3.
152 114 220 142 Chr.
241 122 272 143 n.
292 115 352 142 314.
600 101 728 136 LIBER
752 100 848 135 VIIII.
887 101 982 136 CAP.
1009 103 1063 136 26.

1511 98 1563 137 61

105 221 234 270 enim,
267 220 374 273 quod
396 232 515 272 saepe
537 219 652 267 alias,
686 219 777 270 quia
799 218 851 258 ita
872 226 1054 270 tempora
1076 217 1332 270 postulabant
1355 217 1412 257 rei
1435 216 1567 269 publi-

105 292 195 327 cae,
229 278 296 331 qui
327 278 432 318 bello
463 277 705 317 clarissimus
737 283 860 323 esset,
892 276 961 315 sed
994 276 1061 327 qui
1083 275 1252 315 maxime
1275 275 1484 327 proculab
1507 275 1569 315 his

106 336 348 378 coitionibus
376 336 494 375 vitam
528 334 692 386 egisset,
725 333 894 373 dictator
924 333 1159 385 deligendus
1190 333 1424 372 exercendis
1446 345 1568 384 quae-

105 393 304 436 stionibus
326 393 412 433 fuit.
452 392 521 432 sed
553 391 742 444 quoniam
777 391 936 443 quidam
961 391 1116 430 nobiles
1138 390 1322 430 homines
1345 413 1400 418 ——
1423 403 1498 441 qua
1522 391 1570 430 dc

106 465 244 499 causa,
276 463 345 491 vos
366 450 591 491 existimare
614 462 731 502 quam
755 463 817 489 me
840 462 913 501 pro
936 449 1167 501 magistratu
1192 449 1405 500 quicquam
1427 448 1570 487 incon-

104 516 264 564 pertum
286 509 419 549 dicere
440 508 581 548 melius
610 515 670 548 est
690 530 745 536 —-
767 508 940 560 primum
973 507 1077 559 ipsas
1109 518 1340 558 expugnare
1373 506 1572 558 quaestio-

106 580 178 608 nes
201 566 310 607 omni
332 580 407 619 ope
430 566 556 606 adnisi
578 572 694 613 sunt,
718 565 808 605 dein
823 597 831 612 ,
856 572 1066 617 postquam
1090 564 1137 603 ad
1160 565 1197 603 id
1222 577 1362 616 parum
1387 571 1572 616 potentes

106 631 240 673 erant,
265 637 316 664 ne
338 636 494 664 causam
517 624 720 667 dicerent,
753 624 794 663 in
817 623 1012 676 praesidia
1035 622 1373 670 adversariorum,
1396 622 1571 673 appella-

105 683 256 723 tionem
279 689 319 722 et
339 681 602 722 tribunicium
624 681 833 728 auxilium,
868 681 1022 733 patricii
1044 681 1339 732 confugerunt,
1369 687 1573 732 postremo

105 740 255 794 repulsi
276 740 370 780 inde
391 763 448 769 —
469 740 566 780 adeo
591 740 725 779 omnia
748 739 915 786 tutiora,
948 751 1066 790 quam
1100 746 1141 777 ut
1163 738 1438 777 innocentiam
1461 750 1572 777 suam

105 805 348 851 purgarent,
380 798 459 838 visa
481 798 598 837 —in
629 810 702 837 nos
730 798 946 836 inruerunt
975 803 1014 836 et
1045 796 1204 848 privatis
1236 796 1468 835 dictatorem
1500 809 1573 847 po-

107 869 221 896 scere
242 868 356 896 reum
372 855 636 895 verecundiae
657 868 740 894 non
762 855 848 901 fuit,
872 861 915 893 ut
938 867 1080 894 omnes
1101 854 1139 893 di
1162 854 1426 904 hominesque
1448 854 1576 893 sciant

108 914 156 954 ab
180 913 256 954 illis
277 914 408 961 etiam,
432 925 533 965 quae
557 926 639 952 non
664 913 831 965 possint,
854 912 1053 964 temptari,
1077 925 1128 951 ne
1149 918 1346 951 rationem
1366 912 1462 950 vitae
1484 911 1573 951 red-

109 972 227 1019 dant,
258 984 322 1011 me
346 971 499 1011 obviam
523 971 581 1010 ire
603 971 762 1010 crimini
785 977 822 1009 et
845 970 990 1009 offerre
1013 983 1074 1009 me
1097 970 1268 1009 inimicis
1290 982 1424 1016 reum,
1451 969 1574 1008 dicta-

108 1036 198 1070 tura
218 1041 282 1069 me
303 1029 457 1069 abdico.
498 1041 568 1069 vos
590 1041 760 1092 quaeso,
786 1028 995 1075 consules,
1021 1028 1053 1067 si
1075 1028 1184 1067 vobis
1207 1027 1340 1067 datum
1363 1027 1410 1066 ab
1434 1034 1577 1067 senatu

109 1087 316 1152 negotium
339 1087 480 1134 fuerit,
513 1087 553 1126 in
586 1099 649 1126 me
672 1087 846 1138 primum
875 1092 913 1125 et
936 1086 1044 1125 hunc
1066 1085 1116 1125 Μ.
1140 1085 1295 1124 Folium
1319 1085 1576 1136 quaestiones

109 1145 349 1193 exerceatis,
372 1151 416 1184 ut
437 1151 628 1197 appareat
648 1144 880 1183 innocentia
904 1151 1040 1183 nostra
1064 1156 1150 1189 nos,
1175 1156 1255 1182 non
1280 1143 1482 1183 maiestate
1504 1143 1576 1182 ho-

111 1203 222 1243 n01is
252 1209 362 1243 tutos
392 1215 413 1242 a
446 1202 793 1242 criminationibus
824 1201 908 1241 istis
939 1194 1048 1241 esse.’
1096 1200 1253 1240 abdicat
1275 1201 1369 1240 inde
1391 1214 1432 1240 se
1454 1201 1576 1240 dicta-

110 1268 200 1300 tura
223 1267 261 1300 et
281 1267 372 1314 post
394 1272 485 1300 eum
508 1260 718 1300 confestim
741 1259 877 1299 Folius
899 1259 1127 1310 magisterio
1150 1259 1352 1310 equitum3
1380 1259 1577 1311 primique

111 1318 215 1372 apud
237 1318 424 1359 consules
448 1342 501 1348 —
523 1318 569 1358 iis
592 1318 698 1358 enim
721 1317 769 1357 ab
792 1324 933 1358 senatu
956 1317 1140 1356 mandata
1164 1329 1227 1356 res
1249 1324 1308 1356 est
1335 1340 1382 1344 —
1408 1316 1463 1356 rei
1488 1317 1579 1356 facti

162 1433 213 1466 14.
241 1432 338 1474 quod
360 1443 464 1475 saepe
481 1433 586 1473 alias]
613 1431 716 1466 nami.
735 1432 809 1471 fuc-

113 1481 188 1511 tum
205 1481 274 1517 ωε,
293 1478 361 1521 vgl.
381 1480 413 1519 6,
427 1480 483 1518 42,
504 1479 556 1512 12.
577 1498 618 1502 —
639 1480 702 1521 qni
719 1478 809 1511 hello

114 1525 338 1558 clarissimus
355 1549 363 1558 .
379 1526 399 1566 .]
426 1534 452 1557 5.
473 1527 505 1566 7,
523 1526 578 1565 40,
599 1527 651 1558 17.
676 1544 720 1549 —
741 1526 809 1565 his]

112 1570 250 1604 solcher
267 1571 343 1610 Art3
363 1581 390 1604 s.
405 1571 425 1612 ξ
445 1573 484 1610 9;
510 1572 579 1613 vgl.
601 1575 620 1610 ᾖ·
645 1574 700 1605 19;
722 1573 810 1603 istis.

162 1619 214 1651 15.
241 1617 432 1659 quidam*
457 1637 493 1641 -
523 1619 757 1659 magistratu]
784 1628 810 1649 5.

882 1430 941 1464 der
975 1441 1013 1464 so
1042 1430 1128 1463 boch
1161 1430 1327 1463 stehende
1354 1429 1513 1464 Diktator
1538 1433 1578 1467 (5.

882 1479 914 1516 6,
934 1478 985 1517 16,
1001 1478 1032 1518 3)
1052 1477 1084 1509 in
1104 1475 1409 1511 Anklazezustand
1430 1482 1580 1510 versetzt

883 1523 999 1556 werde
1025 1531 1139 1561 (reum
1164 1531 1340 1565 poseel·ej;
1369 1522 1579 1565 vgl.jed0ch

884 1572 915 1609 ὃ,
931 1567 1089 1609 33‚10ff.
1116 1587 1160 1592 —
1186 1569 1399 1601 elimatorem
1422 1570 1580 1611 poscere]

885 1616 978 1648 nicht
998 1616 1031 1648 in
1055 1615 1165 1648 seinei·
1184 1614 1407 1657 Eigenschast
1433 1615 1484 1648 als
1503 1614 1583 1648 Dik-

114 1663 148 1703 6,
167 1664 221 1703 38,
241 1664 271 1697 9.
298 1682 341 1686 —
367 1665 633 1705 inconpertum]
662 1663 730 1705 vgl.
760 1667 812 1696 lo.

114 1710 172 1750 40,
191 1711 243 1742 10.
271 1728 315 1732 —
337 1712 498 1751 primum
517 1734 524 1742 .
540 1735 547 1742 .
569 1709 691 1741 adnisi
715 1710 811 1749 sunt]

115 1754 229 1788 dieses
254 1752 408 1788 Moment
442 1755 488 1788 ist
515 1756 535 1797 ξ
564 1757 606 1788 10
637 1755 731 1788 nicht
757 1755 814 1787 be-

114 1799 260 1834 sonders
293 1800 595 1844 hervorgehoben;
633 1800 710 1834 dem
739 1800 815 1833 dort

116 1846 291 1889 Gesagten
317 1847 508 1890 entspricht
526 1846 694 1880 vielmehr
720 1848 738 1888 §
763 1848 814 1882 16.

114 1893 184 1926 wie
202 1892 224 1936 ξ
245 1894 283 1926 17
305 1891 382 1926 dem
405 1893 426 1936 ξ
450 1894 501 1926 12.
519 1911 565 1917 -
589 1895 814 1936 expugnare]

117 1949 144 1972 s.
170 1949 213 1972 zu
238 1939 270 1980 6,
291 1939 344 1977 18,
363 1940 402 1977 2;
428 1938 588 1972 derselbe
609 1938 745 1982 Tropus
771 1940 814 1972 ist

115 1985 151 2018 in
187 1984 263 2018 dem
297 1984 482 2028 folgenden
508 1986 697 2028 praesidia
734 1985 816 2019 sest-

117 2030 290 2074 gehalten.
328 2050 370 2056 —
409 2031 532 2065 adnisi
561 2034 663 2073 sunt]
702 2031 815 2065 dieses

117 2076 270 2110 Verbum
296 2077 343 2111 ist
369 2082 439 2111 erst
463 2087 532 2111 von
551 2077 625 2113 Liv.
651 2078 713 2111 mit
738 2078 814 2111 dem

117 2122 269 2157 Infinitiv
294 2123 513 2164 verbunden;
546 2134 572 2158 5.
602 2126 662 2166 10,
688 2126 749 2162 41,
778 2127 817 2163 ῖ,

117 2169 189 2213 vgl.
214 2171 247 2210 6,
273 2170 306 2211 6,
323 2171 356 2204 9.

168 2215 222 2250 16.
249 2217 287 2248 ἰη
301 2216 501 2259 praesidia]
526 2226 569 2249 zu
588 2215 653 2249 den
673 2215 816 2250 Schutz-

118 2260 268 2295 mitteln.
287 2281 330 2286 -
349 2261 660 2304 adversariorum]
679 2273 704 2296 5.
720 2262 740 2305 ξ
758 2265 816 2301 10;

121 2308 154 2349 8,
168 2308 224 2349 33,
239 2309 269 2341 ἵ.

169 2355 223 2389 17.
260 2354 509 2387 innocentiam
536 2380 543 2386 .
566 2379 574 2388 .
600 2355 817 2396 purgarent]

120 2398 194 2432 ihre
208 2423 217 2432 .
231 2423 242 2434 .
254 2399 334 2440 (den
347 2398 672 2443 Verdfichtigungen
692 2409 819 2442 gegen-

120 2443 220 2486 fiber)
245 2445 296 2479 als
321 2444 521 2479 unbefleckt
546 2445 734 2483 erweisen;
760 2456 820 2478 an-

123 2488 201 2523 ders
225 2491 271 2524 ist
303 2493 457 2524 crimina
480 2502 644 2534 purgare
668 2503 700 2525 u.
721 2501 750 2524 3.
776 2494 818 2531 (5.

126 2537 158 2576 1,
171 2536 204 2577 9,
219 2537 277 2574 16;
300 2537 356 2578 27,
370 2538 424 2578 20,
441 2538 509 2578 12).
535 2556 578 2562 —
601 2540 760 2580 privatis
774 2561 781 2569 .
797 2539 818 2577 .]

123 2580 236 2615 blosse
262 2581 473 2616 Privatleute
503 2583 713 2626 vei-langten,
744 2583 818 2615 dass

884 1667 995 1702 tator,
1030 1661 1112 1694 oder
1139 1671 1260 1704 wegen
1287 1666 1414 1702 etwas,
1450 1670 1521 1694 was
1547 1671 1583 1694 er

885 1708 936 1741 315
970 1706 1128 1740 Diktator
1162 1707 1288 1749 gethan
1324 1707 1400 1746 hat,
1433 1706 1582 1740 sondern

886 1763 1008 1794 wegen
1052 1753 1326 1796 uugesetzlicher
1364 1753 1583 1796 Beweibung

885 1800 920 1833 in
947 1799 1099 1832 srssherer
1124 1799 1213 1838 Zeit;
1241 1809 1267 1832 5.
1284 1801 1315 1837 6.
1330 1800 1385 1835 38,
1401 1802 1431 1833 9.
1459 1819 1500 1823 -
1528 1811 1583 1832 υθ-

886 1846 1082 1879 1“θι·ιιηιίιάε
1105 1845 1194 1888 suit]
1221 1856 1247 1878 s.
1263 1847 1294 1881 3.
1310 1847 1366 1886 62,
1382 1848 1412 1879 9.

936 1893 986 1926 15.
1006 1896 1046 1924 ul
1066 1904 1185 1925 omnes
1201 1919 1206 1924 .
1223 1894 1243 1933 .]
1262 1892 1332 1925 hier
1350 1892 1493 1934 beginnt
1507 1891 1584 1925 dem

887 1938 1075 1972 Gedanken
1110 1938 1196 1971 nach
1234 1939 1293 1971 der
1325 1938 1506 1972 Nachsatz.
1542 1958 1585 1962 -

888 1995 981 2028 quae
1006 1996 1077 2017 non
1102 1986 1254 2027 possint]
1283 1995 1308 2018 S.
1328 1987 1360 2019 4.
1376 1985 1430 2025 42,
1446 1987 1476 2018 Τ.

938 2032 989 2064 19.
1015 2031 1208 2071 Folium]*

936 2078 989 2110 20.
1013 2080 1095 2120 post
1128 2079 1219 2118 eum]
1247 2077 1316 2120 vgl.
1341 2078 1373 2116 4,
1398 2078 1453 2116 34,
1476 2079 1507 2111 5.
1543 2096 1586 2099 -

889 2124 1052 2155 consules
1074 2148 1081 2157 .
1105 2125 1126 2164 .]
1163 2133 1264 2156 wenn
1302 2123 1388 2156 auch
1423 2121 1517 2156 diese
1553 2122 1585 2154 in

888 2167 974 2202 Rom
996 2179 1122 2210 waren,
1149 2169 1244 2202 hatte
1271 2168 1331 2202 der
1349 2168 1454 2211 Krieg
1480 2168 1585 2202 ruhen

888 2218 1040 2249 mussen.
1073 2234 1115 2240 —
1147 2216 1191 2248 ab
1223 2217 1364 2256 senatu]
1401 2215 1467 2248 wie
1500 2214 1585 2248 auch

890 2267 989 2294 sonst
1015 2261 1194 2295 bisweilen
1221 2268 1263 2301 (5.
1289 2262 1318 2299 S
1339 2263 1388 2301 15,
1405 2263 1440 2298 5;
1468 2271 1508 2293 zu
1532 2261 1587 2299 39,

893 2309 945 2348 14,
961 2309 994 2348 6)
1013 2307 1072 2341 der
1090 2307 1195 2340 Senat
1217 2307 1307 2339 ohne
1327 2306 1508 2340 Beschluss
1527 2304 1588 2338 des

891 2352 1022 2386 Volkes
1037 2358 1075 2392 (5.
1088 2355 1119 2393 4,
1135 2356 1188 2392 51,
1204 2352 1238 2395 2)
1254 2353 1308 2385 die
1323 2351 1588 2394 Lutersuchung

891 2398 1426 2441 staatsgesahrlicher(adversus
1435 2408 1509 2430 rem
1523 2408 1588 2439 pu-

891 2445 1034 2485 blicam)
1054 2443 1380 2496 Unternehmungen
1406 2443 1472 2477 den
1497 2442 1589 2477 Kon-

892 2491 970 2523 suln
988 2490 1176 2532 fibeitragt.
1197 2508 1239 2513 —-
1258 2491 1312 2522 1⁰¹0
1330 2488 1433 2534 facti]
1452 2489 1507 2523 die
1521 2492 1590 2522 An-

891 2536 1012 2578 klager
1039 2535 1176 2568 werden
1196 2534 1245 2569 als
1262 2538 1401 2578 pra-ate·
1424 2535 1588 2579 gedacht;

891 2592 953 2615 vor
979 2581 1056 2615 dem
1074 2580 1186 2615 Volke
1206 2581 1330 2625 klagen
1350 2587 1448 2616 sonst
1466 2582 1499 2615 in
1519 2581 1590 2615 die-

1602 397 1638 430 15

1607 513 1641 545 16

1608 687 1642 718 17

1610 860 1645 893 13

1611 1034 1646 1067 19

1611 1208 1647 1240 ,ω
